3142 5084
489 900 493 905 ·
600 880 752 949 CAPUT
775 878 958 948 PRIMUM

423 1092 462 1136 DE
478 1091 661 1142 01118118οΑ11
679 1091 767 1135 1101118
783 1090 842 1134 aut·
859 1089 1138 1134 lusottnrtonreus

597 1193 828 1239 vocasutonun
846 1193 962 1237 fonnis

695 1326 865 1338 ...—

326 1443 557 1514 ARTICULUS
578 1456 602 1514 l.
622 1487 656 1496 —
675 1458 728 1514 De
747 1453 954 1514 nominihus
974 1454 1239 1515 substantivis.

746 1609 819 1621 -—-

408 1723 423 1811 j
444 1723 476 1791 1.
502 1764 547 1773 -—
570 1744 617 1792 un
641 1744 844 1802 ourensnnn
868 1743 1006 1792 cnsuun
1030 1742 1159 1792 nonnis

300 1883 456 1954 Victoris
475 1886 613 1954 librum
632 1887 815 1956 evolventi
831 1886 953 1955 statim
969 1907 1054 1955 cum
1073 1886 1156 1975 puri
1170 1906 1308 1954 sermo-

257 2014 326 2098 nis,
344 2018 424 2081 tum
439 2014 628 2082 latinitatis
642 2036 793 2104 prorsus
808 2014 921 2103 lapsae
935 2014 1086 2104 vestigia
1101 2018 1280 2102 apparent
1298 2034 1306 2099 ;

256 2135 358 2227 quod
377 2137 529 2227 quidem
548 2140 686 2207 mirum
705 2138 850 2207 videtur
868 2140 907 2206 in
927 2139 1101 2228 operibus
1121 2138 1308 2227 scriptoris

258 2264 334 2353 qui,
351 2270 479 2353 utpote
494 2265 534 2332 in
549 2264 685 2333 scholis
701 2265 865 2334 eruditus
882 2272 916 2334 et
935 2265 983 2334 ad
997 2268 1092 2334 bene
1108 2265 1308 2334 dicendum

255 2390 488 2476 informatus,
510 2413 587 2459 non
607 2391 700 2460 adeo
721 2413 843 2460 aureae
869 2392 1004 2481 linguae
1029 2413 1179 2460 sensum
1201 2393 1309 2459 amit-

255 2522 332 2586 tere
357 2524 513 2608 poterat‚
541 2525 582 2587 ut
609 2520 805 2608 pristinam
830 2519 933 2589 illam
962 2519 1252 2588 declinationum
1274 2524 1310 2586 et

256 2645 559 2735 conjugationum
579 2652 800 2714 structuram
820 2652 883 2715 aut
909 2668 985 2714 non
1004 2645 1114 2734 plane
1134 2644 1310 2734 intellige-

256 2777 311 2839 ret
341 2778 404 2841 aut
436 2775 613 2861 rejiceret.
647 2772 755 2857 Quod
789 2775 819 2842 si
847 2773 988 2842 exculta
1026 2779 1150 2842 mente
1178 2774 1310 2842 virita

258 2895 452 2982 scribebat,
474 2898 535 2966 vix
554 2898 676 2988 effingi
703 2906 824 2988 potest
850 2905 987 2989 quanta
1012 2899 1254 2969 dissolutione
1276 2906 1311 2968 et

258 3022 342 3088 tabe
360 3021 534 3090 Afrorum
550 3043 684 3108 sermo,
703 3025 832 3112 quinto
849 3024 996 3108 saecu10,
1014 3024 1209 3092 laboraret.
1231 3024 1311 3092 Hoc

257 3152 383 3216 tamen
421 3147 675 3218 demonstrare
713 3149 914 3240 aggredior.
961 3149 1194 3240 Quapropter
1234 3171 1311 3217 non

257 3277 361 3364 parvi
377 3278 557 3345 momenti
574 3278 641 3345 erit
659 3276 707 3346 ad
722 3277 980 3346 illustrandam
996 3278 1152 3346 labentis
1167 3279 1205 3344 in
1220 3276 1312 3344 Afri-

259 3423 301 3471 ca
320 3404 509 3473 latinitatis
528 3405 721 3473 historiam
740 3405 1007 3473 vocabulorum
1026 3405 1164 3473 formas
1183 3424 1312 3472 recen-

259 3550 339 3599 sere
354 3551 438 3621 quae
458 3529 558 3620 apud
575 3530 761 3601 Victorem
776 3552 797 3600 a
812 3537 912 3601 recto
931 3529 1110 3620 loquendi
1129 3551 1199 3599 usu
1214 3550 1312 3599 rece-

260 3653 371 3728 dunta

218 3772 225 3784 ’
304 3783 446 3874 Saepius
466 3787 566 3855 enim
590 3786 629 3853 in
654 3787 732 3874 ejus
752 3785 846 3854 libro
871 3786 1162 3855 declinationum
1181 3786 1312 3855 formae

260 3915 295 3978 ct
319 3912 587 3981 vocabulorum
611 3931 744 4003 genera
767 3918 802 3980 et
821 3913 1097 4002 conjugationes
1123 3914 1215 4001 ipsae
1233 3933 1313 3980 mu-

258 4040 383 4104 tantur
404 4058 412 4123 3
433 4038 484 4106 ita
502 4043 543 4105 ut
552 4037 632 4125 jam
648 4042 824 4126 appareat
838 4036 901 4105 illa
920 4038 1119 4106 verborum
1134 4038 1314 4125 intempe-

259 4165 378 4232 rantia
397 4169 433 4232 et
452 4164 632 4249 confusio,
655 4165 797 4233 cunctis
817 4165 963 4232 romani
982 4164 1129 4253 imperii
1144 4164 1313 4254 gentibus

264 4294 487 4378 communis,
509 4293 609 4361 unde
629 4297 826 4363 nascentur
845 4292 927 4361 aliae
941 4292 1076 4383 linguae
1090 4289 1313 4364 ciceroniani
