3142 5084
771 428 952 490 ,144-

375 598 412 687 u)
430 597 637 665 Infinitivus
656 605 739 687 post
760 599 913 665 nomina
934 597 1174 681 substantiva,
1201 597 1240 663 in
1259 595 1394 664 locum

329 725 496 814 gerundii
517 727 685 815 genetivo
705 725 861 794 adhibiti
884 749 891 795 :

422 849 587 912 Liberum
602 849 775 912 arbitrium
797 849 949 914 habeant
968 853 1107 913 tractare
1128 848 1182 929 (II,
1197 851 1242 925 4).
1274 845 1394 910 Nobis

330 943 422 1026 copia
435 942 584 1006 dabatur
604 943 737 1006 introire
747 943 801 1023 (ll,
818 945 882 1020 28).
954 943 1024 1007 Nec
1041 940 1240 1007 commorari
1253 940 1396 1004 licentia

329 1034 509 1117 patuisset.

375 1153 454 1222 Hoc
467 1154 620 1243 quidem
636 1177 712 1223 non
727 1156 918 1225 insolitum
938 1156 1056 1224 fuerat
1075 1153 1175 1244 apud
1196 1153 1366 1222 comicos
1385 1174 1392 1218 :

330 1279 463 1365 Plaut,
475 1280 577 1369 Capt.
591 1281 655 1347 170
667 1305 672 1349 :
686 1280 839 1349 Occasio
848 1281 1038 1349 benefacta
1048 1280 1232 1349 cumulare
1238 1304 1250 1364 ;
1263 1297 1395 1367 neque

330 1414 458 1496 postea
483 1407 582 1496 apud
610 1415 764 1497 poetas:
786 1408 918 1497 Vergil.
946 1408 1060 1497 (AEn,
1081 1407 1172 1497 Vl):
1201 1407 1237 1474 Si
1261 1411 1396 1474 tantus

332 1556 437 1603 umor
456 1555 561 1603 casus
581 1556 790 1626 copnoscere
810 1541 997 1602 nostros...
1017 1535 1060 1602 Si'
1070 1541 1171 1602 tanta
1186 1533 1319 1624 cupido
1335 1538 1396 1600 est

331 1662 388 1729 his
413 1663 543 1751 stigios
570 1663 696 1731 innare
724 1663 837 1730 lacus.
871 1662 923 1730 cf.
961 1661 1105 1729 Sallust.
1135 1660 1254 1750 (caru.
1292 1659 1353 1748 17)
1409 1631 1415 1637 ’

393 1790 552 1859 Molliter
572 1791 687 1858 uiuere
707 1791 821 1880 coptu.
841 1788 912 1857 Sed
927 1790 1147 1878 plerumque
1166 1789 1216 1855 ita
1236 1775 1398 1877 ponitur

331 1915 370 1982 in
395 1914 547 2004 Vulgata
572 1916 800 2003 infinitivus;
830 1923 951 2004 atque,
979 1935 1064 1983 curn
1090 1914 1396 2004 frequentissime

332 2040 432 2131 apud
453 2041 717 2110 ecclesiasticos
738 2042 934 2130 scriptores
958 2039 1058 2109 idem
1078 2041 1294 2129 reperiatur,
1318 2041 1396 2108 mi-

332 2168 433 2234 nime
450 2166 697 2236 dubitandum
715 2174 768 2236 est
785 2168 875 2257 quin
892 2189 910 2235 e
926 2167 1065 2256 vulgari
1081 2167 1230 2256 eloquio
1250 2166 1397 2255 potius·

333 2316 446 2383 quam
466 2316 485 2363 e
504 2297 622 2384 poetis
642 2297 681 2363 in
699 2296 856 2365 Victoris
876 2296 1039 2385 linguam
1060 2295 1251 2364 effluxerit.

379 2421 415 2511 b)
434 2421 640 2493 Infinitivus
660 2425 699 2491 in
719 2424 900 2492 sententia
919 2424 1022 2492 finali
1046 2445 1115 2512 pro
1146 2427 1184 2492 ut
1204 2442 1284 2490 cum
1304 2420 1394 2489 sub-

326 2548 490 2638 junctivo
509 2575 518 2618 :

427 2675 565 2738 Factum
583 2681 629 2739 est
638 2676 843 2759 episcopum
859 2676 1009 2739 ordinari
1022 2676 1060 2756 (l,
1077 2679 1129 2754 24)
1140 2703 1176 2731 =
1192 2675 1396 2738 factumest

334 2774 381 2831 ut.
472 2770 669 2832 Accenditur
687 2774 873 2852 perpetrare
892 2770 945 2849 (ll,
973 2772 1025 2847 ’13)
1054 2797 1092 2825 --
1116 2768 1319 2832 accenditur
1338 2772 1393 2830 ut.

386 2863 512 2925 Nullus
524 2864 599 2945 jam
611 2884 744 2946 perpere
757 2864 921 2927 admissus
936 2869 981 2927 est
997 2864 1052 2944 (ll,
1068 2866 1120 2941 35)
1135 2862 1234 2926 :ad
1250 2881 1396 2944 pergen-

334 2954 431 3017 dum.
528 2957 709 3039 Orpebutur
730 2959 896 3040 parturire
920 2957 974 3037 (ll,
998 2959 1061 3035 43).
1154 2956 1336 3038 Urpebutur
1360 2975 1397 3017 se

334 3068 531 3130 conprepure
552 3049 622 3129 (Ill>
646 3052 709 3127 60).
743 3049 791 3112 Cf.
821 3049 930 3113 Tacit.
960 3073 965 3112 :
995 3049 1091 3126 Quos
1115 3048 1237 3111 odium
1263 3052 1396 3110 mutare

334 3141 430 3203 sedes
438 3142 592 3224 perpulit.
658 3142 792 3204 Ostendi
806 3141 874 3204 sibi
888 3141 1064 3205 Othonem
1081 3141 1325 3223 expostulantes
1333 3139 1392 3217 (1).

1385 1684 1392 1695 ι

1386 1716 1393 1728 ο

1376 1752 1390 1767 S

378 3261 411 3351 c)
429 3261 635 3330 Infinitivus
654 3268 738 3351 post
757 3263 870 3331 verba
891 3261 1067 3330 movendi
1091 3283 1097 3327 :

378 3391 465 3458 Post
479 3392 560 3459 haee
575 3392 698 3476 verba,
717 3392 868 3479 optimae
883 3390 1074 3458 latinitatis
1090 3396 1269 3477 tempore,
1287 3386 1395 3455 adhi-

333 3519 490 3587 bebatur
515 3519 703 3608 supinum,
732 3523 794 3586 aut
814 3518 1068 3605 subjunctivus
1096 3538 1182 3584 curn
1210 3514 1395 3605 particula

336 3653 386 3731 ut,
408 3651 471 3714 aut
490 3645 710 3736 gerundium
726 3667 811 3712 eum
827 3645 1007 3734 particula
1024 3645 1083 3712 ud.
1108 3642 1288 3711 Sordebat
1303 3662 1395 3710 vero

335 3772 416 3841 haec
443 3775 640 3841 verborum
667 3773 890 3840 constructio
917 3771 1036 3861 plebis
1063 3771 1301 3855 hominibus3
1328 3769 1394 3857 qui

336 3904 375 3965 ut
410 3897 539 3983 Graeci,
570 3900 752 3967 infinitivo
785 3898 989 3987 simplicius
1023 3897 1231 3964 utebantur.
1268 3893 1395 3961 Poetae

335 4024 418 4113 ipsi,
435 4029 469 4091 et
483 4025 509 4090 ii
521 4022 673 4113 quidem
685 4023 890 4091 Homerum
905 4021 1049 4104 imitati,
1061 4017 1163 4087 haud
1173 4018 1278 4085 aliter
1294 4030 1396 4103 saepe

336 4151 594 4241 loquebantur.
612 4150 743 4240 Vergil.
766 4149 881 4240 (AEn,
898 4149 925 4234 Ι,
943 4147 1023 4237 531)
1042 4169 1048 4213 :
1066 4146 1151 4215 Non
1167 4166 1235 4213 nos
1250 4143 1396 4232 libycos

371 4375 405 4441 (1)
424 4376 555 4441 Onussam,
573 4374 661 4430 Gran.
679 4374 733 4436 lat,
750 4389 777 4437 p.
795 4376 853 4425 395.
