3142 5084
669 977 820 1047 CAPUT
838 978 886 1044 ΙΙΙ

468 1192 507 1236 nt
529 1192 713 1241 outnusnm
734 1189 981 1235 venusrronrflus
1005 1191 1092 1235 tocts

302 1418 489 1507 Exemplis
521 1439 604 1507 quae
635 1418 708 1485 huc
736 1437 853 1506 usque
882 1416 1002 1499 retuli,
1036 1415 1151 1503 liquet
1190 1414 1311 1482 Victo-

173 1594 176 1598 ·
259 1567 338 1614 rem
358 1545 441 1634 styli
461 1549 679 1612 ornamenta
699 1564 783 1633 quae
803 1541 902 1631 apud
931 1548 1058 1631 poetas
1084 1546 1118 1608 et
1147 1547 1311 1608 oratores

258 1672 508 1755 inveniuntur,
532 1692 608 1737 non
626 1671 825 1759 ignorasse,
857 1669 901 1735 iis
925 1673 1049 1734 autem
1076 1666 1172 1733 male
1202 1687 1311 1732 usum

258 1802 380 1868 fuisse.
417 1798 601 1882 Attamen,
637 1817 747 1892 nemo
785 1795 1002 1862 infitiabitur
1033 1793 1233 1877 Victorem,
1272 1793 1319 1857 inw

230 1897 235 1904 ᾖ
259 1925 483 2017 quibusdam
503 1924 673 1991 Historiae
694 1945 769 1990 suae
790 1923 892 2005 locis,
915 1942 953 1988 se
973 1922 1190 2009 scriptorem
1212 1939 1312 1986 com-

259 2048 453 2118 movendis
473 2050 642 2117 sensibus
662 2047 840 2116 idoneum
860 2048 1073 2137 praebuisse.
1094 2047 1195 2116 Nihil
1212 2047 1312 2114 enim

260 2199 388 2247 earum
407 2199 532 2246 rerum
557 2198 640 2265 quae
665 2174 958 2244 misericordiam
974 2195 1123 2242 movere
1146 2178 1309 2263 possent,

257 2302 382 2370 Victor
393 2303 527 2370 omisit.
540 2300 587 2368 Ut
598 2322 716 2390 pauca
726 2302 765 2369 in
777 2280 855 2390 ejus
865 2297 962 2368 libro
972 2300 1139 2389 exempla
1151 2322 1308 2385 sumam,

257 2449 343 2497 cum
366 2425 565 2511 Vandalos,
601 2447 707 2494 senes
748 2432 783 2494 et
813 2446 949 2514 pueros
977 2425 1237 2492 interficientes
1272 2426 1311 2491 in

257 2576 407 2625 scenam
439 2553 593 2638 inducit,
629 2552 792 2622 vividam
830 2574 962 2621 senum
1000 2575 1159 2641 quorum
1202 2559 1312 2643 caput

258 2683 360 2752 canis
380 2681 535 2770 capillis
552 2686 592 2748 ut
614 2704 630 2748 <r
654 2681 738 2748 lana
759 2679 917 2748 candida
939 2704 955 2746 »
978 2682 1232 2765 obumbratur,
1254 2684 1311 2749 in-

255 2809 474 2896 fantumque
494 2808 694 2896 imaginem
714 2815 733 2874 e
759 2812 921 2875 matrum
941 2808 1080 2897 gremio
1105 2812 1308 2896 raptorum,

256 2936 341 3000 ante
362 2931 490 3000 oculos
509 2931 659 3019 profert.
682 2930 849 2997 Movetur
869 2932 968 2998 enim
987 2930 1145 2999 Victoris
1164 2932 1311 2999 animus

256 3061 309 3125 tot
320 3055 574 3124 inauditorum
584 3056 791 3123 facinorum
805 3056 1013 3144 spectaculo
1028 3062 1090 3124 aut
1104 3057 1286 3124 memoria
1301 3080 1309 3145 ;

256 3200 300 3248 ac
319 3201 417 3269 saepe
437 3180 722 3247 christianorum
743 3180 1012 3248 calamitatibus
1038 3180 1279 3248 illacrimatur
1301 3204 1308 3249 :

258 3330 274 3374 r
302 3307 391 3390 Quis
407 3307 583 3374 sustineat
591 3308 825 3395 atquepossit
840 3307 918 3374 sine
934 3307 1095 3374 lacrimis
1110 3307 1308 3393 recordari,

258 3457 275 3499 <r
302 3433 392 3502 dum
411 3433 628 3522 praeciperet
648 3437 861 3500 nostrorum
880 3454 1036 3521 corpora
1052 3432 1310 3501 defunctorum

258 3584 275 3627 <r
302 3561 381 3628 sine
396 3559 628 3627 solemnitate
641 3560 868 3649 hymnorum
877 3581 962 3627 cum
974 3560 1119 3627 silentio
1133 3559 1179 3628 ad
1191 3561 1311 3648 scpul-

259 3711 275 3754 r
302 3692 425 3755 turam
444 3685 597 3775 perduci
617 3686 700 3776 (1)‘l
722 3709 738 3753 u

300 3814 419 3884 Nemo
440 3836 516 3881 non
543 3813 728 3903 depictam
748 3836 768 3881 a
787 3814 939 3882 ‘Victore
959 3814 1166 3904 deplorabit
1195 3817 1311 3905 capti-

255 3964 389 4011 vorum
409 3941 656 4010 calamitatem
672 3942 735 4031 qui
757 3941 888 4010 Africae
909 3963 1041 4010 navem
1062 3943 1308 4032 appulerunt3

257 4091 417 4159 quorum
454 4070 581 4166 inopia
615 4076 650 4138 et
683 4091 861 4139 aerumnae
894 4071 943 4138 ita
977 4072 1234 4162 exprimuntur
1271 4075 1311 4140 ut

288 4316 324 4384 (1)
339 4316 403 4369 vro.
418 4317 482 4380 nt„
500 4317 519 4379 1,
535 4317 577 4370 16.
