3142 5084
658 386 869 475 4105-

297 579 419 649 Minus
437 586 579 650 rectum
599 587 693 650 esset
712 603 755 650 ea
775 583 901 651 omnia
915 581 1056 671 vulgari
1071 580 1220 668 eloquio
1235 579 1306 647 irn-

232 763 234 775 .
253 711 394 794 putare,
414 707 583 794 quamvis
598 707 698 795 apud
713 707 877 775 comicos
892 728 968 775 non
984 705 1114 774 desint.
1135 704 1307 789 Quodam

255 833 354 899 enim
374 834 508 900 mentis
527 834 699 901 acumine
719 855 813 923 opus
833 839 898 918 est,
921 834 951 901 si
972 834 1054 922 quis
1077 833 1156 901 vult
1175 831 1307 900 callide

255 964 290 1028 et
310 942 506 1030 commode
522 961 713 1030 abstractis
727 962 850 1029 verbis
869 962 922 1028 uti
941 982 949 1047 ;
966 960 1060 1029 adeo
1075 959 1235 1029 arduum
1254 964 1308 1028 est

255 1086 455 1177 aliquando
476 1087 678 1177 dijudicare
697 1094 822 1157 utrum
842 1110 884 1157 ea
903 1089 998 1157 bene
1018 1109 1066 1156 an
1085 1087 1182 1155 male
1202 1085 1308 1155 adhi-

256 1215 424 1300 beantur,
452 1221 492 1284 ut
515 1196 720 1286 mediocres
744 1217 953 1306 scriptores,
975 1238 1060 1285 cum
1085 1237 1129 1284 ex
1155 1216 1199 1283 iis
1225 1214 1308 1304 styli

257 1341 401 1431 lepores
422 1349 600 1432 quaerant,
627 1344 764 1434 stylum
788 1344 929 1430 vitient,
957 1343 1096 1412 nedum
1116 1346 1305 1411 exornent.

257 1464 335 1534 Hoc
351 1466 527 1536 accidisse
546 1468 663 1536 fateor
682 1471 802 1558 quarti
823 1476 858 1538 et
878 1470 997 1558 quinti
1012 1469 1138 1537 saeculi
1157 1467 1310 1557 scripto-

257 1594 370 1679 ribus,
393 1593 505 1680 unde,
532 1595 655 1681 credo,
683 1597 810 1686 opinio
834 1598 980 1686 vulgata
1003 1602 1056 1665 est
1077 1596 1309 1684 frequentem

258 1717 526 1787 abstractorum
544 1720 813 1788 vocabulorum
832 1741 942 1788 usum
962 1719 1055 1786 nihil
1075 1717 1176 1786 aliud
1196 1738 1308 1806 quam

258 1843 414 1913 labentis
428 1847 610 1914 sermonis
624 1847 728 1914 latini
750 1848 896 1936 signum
917 1846 1106 1914 exstitisse.
1130 1845 1220 1912 Mihi
1243 1866 1309 1912 au-

259 1977 333 2039 tem
352 1970 525 2041 videntur
544 1973 665 2041 solum
685 1973 880 2042 incusandi
907 1973 1115 2061 scriptores,
1142 1993 1218 2040 non
1244 1992 1311 2060 per

259 2120 297 2166 se
316 2099 439 2188 ipsum
458 2099 723 2189 vituperandus
742 2101 892 2168 illorum
907 2100 1174 2168 vocabulorum
1194 2121 1282 2166 usus
1300 2120 1307 2183 ;

259 2249 342 2316 quae
371 2229 401 2296 si
432 2229 527 2298 bene
556 2229 711 2297 fuissent
738 2229 916 2315 adhibita,
949 2230 1079 2298 utilem
1103 2234 1138 2297 et
1166 2233 1310 2318 gratum

259 2353 382 2422 latinae
401 2354 535 2444 linguae
554 2355 761 2444 profectum
781 2362 1011 2424 testarentur.

302 2478 439 2548 Victori
465 2479 617 2565 Vitensi,
646 2486 686 2548 ut
708 2482 882 2549 omnihus
909 2480 1041 2548 Africae
1070 2481 1310 2569 scriptoribus

260 2605 418 2673 multum
437 2606 637 2674 arriserunt
656 2607 718 2675 illa
741 2607 922 2675 vocabula
940 2606 1011 2696 (1);
1033 2627 1192 2695 quorum
1212 2625 1312 2695 quae·

261 2729 347 2799 dam
361 2731 486 2800 Victor
498 2733 651 2801 feliciter
670 2735 872 2824 usurpavit,
891 2736 954 2823 qui
970 2735 1052 2818 sihi,
1065 2740 1150 2802 ante
1170 2733 1308 2817 omnia,

261 2858 407 2927 assidue
426 2861 620 2949 proposuit
639 2883 696 2929 res
715 2861 868 2951 legentis
884 2863 1012 2946 oculis,
1032 2861 1164 2930 vividis
1184 2861 1313 2949 imagi-

262 2987 383 3072 nibuS,
397 2989 590 3077 subjicere,
604 2988 706 3078 quod
721 3011 819 3080 saepe
834 2991 923 3058 boni
939 2996 1107 3059 auctores
1122 2990 1313 3058 abstractis

261 3114 451 3182 vocabulis
471 3122 760 3204 consequuntur,
779 3117 889 3184 simul
905 3138 987 3185 eam
1006 3118 1083 3184 vim
1105 3121 1140 3184 et
1159 3118 1313 3205 gratiam

263 3241 425 3308 sermoni
440 3240 618 3309 addentes
630 3242 856 3331 quamapud
871 3263 992 3311 aureae
1003 3242 1192 3310 latinitatis
1202 3241 1314 3329 scrip-

263 3371 360 3435 tores
391 3389 468 3435 non
498 3390 644 3458 semper
678 3370 849 3459 reperies.
885 3370 969 3439 Non
1000 3368 1159 3459 diffiteor
1190 3373 1314 3436 tamen

262 3492 448 3563 Victorem
468 3496 659 3566 abstractis
679 3498 868 3565 vocabulis
883 3497 1189 3586 intemperantius
1203 3496 1315 3564 fnisse

264 3644 385 3691 usum.
414 3623 523 3707 Quod
542 3631 723 3714 quatenus
743 3647 872 3694 verum
893 3625 949 3710 sit,
969 3625 1146 3715 exemplis
1162 3645 1316 3713 sequen·

263 3750 360 3818 tibus
378 3750 583 3821 videndum
603 3760 656 3821 cst
674 3777 680 3822 :

308 3874 344 3964 u)
360 3876 569 3966 Saepissime
579 3879 704 3947 Victor
715 3901 853 3947 nomen
873 3881 1097 3948 abstractum
1112 3900 1187 3969 quo
1203 3876 1318 3966 desig·

264 4007 373 4070 natur
406 4025 650 4093 personarum
688 4012 751 4074 aut
790 4028 914 4075 rerum
939 4015 1110 4095 συναγωγὴ,
1138 4004 1318 4073 concretis

297 4263 329 4322 (l)
348 4264 398 4312 lloc
409 4264 553 4326 Africilutts
569 4266 665 4329 signum
677 4267 823 4328 quibusdam
839 4267 1003 4330 grammaticis
1016 4267 1095 4317 visum
1112 4270 1148 4315 est
1164 4267 1202 4328 (V.
1218 4266 1319 4313 Gorsscn

264 4339 329 4399 apud
344 4339 375 4388 K.
391 4339 471 4402 Sitti.)
488 4339 571 4404 (opere
583 4342 679 4404 citato),
694 4357 720 4404 p.
738 4343 791 4392 107.
1343 4349 1346 4357 '

1178 4454 1198 4512 8
