3142 5084
671 388 878 455 ‘-153-

258 568 312 626 tor
340 586 345 626 :
367 562 535 646 poteratis,
559 562 587 624 si
613 562 772 646 festinetis
796 564 850 642 (ΙΙ,
871 566 934 640 28).
958 563 1007 626 Ne
1029 563 1148 642 Ariani
1171 564 1316 627 dicerent

258 657 355 741 quod
368 676 427 720 eos
442 662 641 721 nostrorum
658 658 848 740 oppresserit
861 658 1049 721 multitudo
1065 659 1120 738 (ΙΙ,
1137 661 1200 736 53).
1272 658 1314 720 ΙΙ-

258 751 321 814 lud
336 756 447 815 estt
397 751 431 814 in
435 753 591 815 tuendum
595 751 797 834 ,quomodo
813 752 908 814 Deus
925 758 1184 815 sacramentum
1199 752 1314 815 Trini-

256 845 338 908 tatis
355 845 534 908 ostenderet
547 845 602 924 (ΙΙ,
620 846 722 922 79)...
730 844 794 906 .ln
810 863 873 908 sua
894 845 999 909 domo
1019 846 1141 909 maluit
1156 844 1311 928 sepelire,

223 936 227 942 ’
258 944 298 1001 ut
311 939 448 1022 quoties
463 959 567 1029 super
582 938 853 1020 sepulchrum
824 958 899 1022 eJus
916 939 1062 1002 trinitati
1077 959 1195 1022 preces
1211 941 1313 1022 efflan-
1411 1028 1414 1030 .

258 1032 318 1112 dit,
335 1032 486 1096 alienam
505 1052 540 1095 se
555 1051 575 1095 a
588 1031 662 1095 filio
677 1051 860 1115 nunquam
876 1052 947 1095 esse
932 1027 1131 1115 conf
1038 1033 1108 1096 dat
1120 1033 1191 1113 (,lll
1207 1033 1270 1109 24).

298 1237 328 1328 s)
352 1236 394 1304 In
405 1237 478 1305 hoc
498 1241 553 1304 art
538 1236 652 1305 ticulo
668 1235 714 1304 de
724 1242 936 1325 temporum
952 1239 1169 1308 confusione
1183 1245 1314 1307 notan-

258 1366 305 1434 da
325 1370 379 1434 est
402 1387 551 1454 quoque
572 1365 780 1454 conjugatio
808 1367 1074 1455 periphrastica
1093 1388 1161 1457 pro
1188 1369 1312 1436 tuturo

258 1495 392 1583 saepius
412 1493 589 1562 adhibita.
613 1493 717 1562 Hanc
733 1493 884 1583 quidem
905 1496 991 1562 satis
1005 1496 1217 1585 frequenter
1230 1519 1314 1586 pro·

256 1623 314 1690 bae
332 1621 522 1689 latinitatis
542 1626 709 1689 auctores
731 1622 970 1710 usurpabant,
1004 1622 1069 1691 sed
1090 1644 1132 1691 ea
1151 1624 1229 1712 lege
1259 1631 1310 1709 ut,

257 1750 332 1817 sive
348 1748 616 1832 necessitatem,
630 1749 705 1815 sive
719 1748 916 1815 consilium
931 1749 1170 1838 moxaliquid
1181 1751 1312 1839 agendi
1433 1807 1435 1812 .
1477 1806 1480 1819 .

257 1877 460 1964 exprimere
476 1877 624 1945 vellent.
648 1876 700 1944 lta
716 1876 908 1944 Sallustius
927 1878 967 1943 in
981 1878 1111 1966 primis
1124 1877 1312 1967 Jugurthae

255 2003 357 2088 lociS,
378 2025 464 2072 cum
476 2005 632 2092 J‘amjam
653 2003 825 2071 derebus
845 2005 891 2071 ab
911 2003 974 2071 illo
988 2023 1071 2093 rege
1090 2006 1198 2094 gestis
1213 2006 1313 2075 locu·

255 2135 359 2198 turus
382 2136 487 2215 esset,
505 2130 586 2198 haec
601 2129 692 2198 dixit
710 2153 716 2197 :
735 2130 879 2198 Bellum
893 2131 1089 2220 scripturus
1102 2153 1194 2217 surn,
1211 2133 1313 2221 quod

255 2255 415 2344 populus
427 2255 618 2324 Romanus
629 2278 714 2324 cum
724 2256 900 2346 Jugurtha
916 2257 1024 2346 gessit
1032 2256 1128 2348 (Jup.
1138 2249 1324 2348 5);dixis-'

255 2388 309 2450 set
324 2387 448 2450 autem
464 2382 623 2452 scribam
640 2385 669 2450 si
685 2385 724 2451 in
738 2388 940 2473 postorum,
958 2404 1091 2473 parum
1107 2389 1206 2453 certo
1222 2391 1312 2454 tem-

255 2530 358 2599 pore,
380 2511 522 2578 bellum
554 2509 646 2578 illud
675 2531 825 2578 narrare
854 2510 923 2578 sihi
946 2511 1210 2614 proposuisset.
1233 2512 1312 2581 Hoc

256 2635 351 2704 inter
367 2636 667 2724 conjugationem
681 2636 988 2724 periphrasticam
1000 2640 1035 2703 et
1044 2635 1221 2722 futurum,
1231 2637 1313 2707 Vic-

255 2763 344 2830 toris
369 2767 474 2830 aetate
504 2761 942 2831 evanuisse-documento
963 2767 1048 2829 sunt
1068 2764 1236 2852 exempla
1255 2786 1312 2833 se-

256 2889 407 2977 quentia
430 2912 436 2956 :

349 3015 451 3093 Quod
467 3015 540 3078 dixi
555 3016 704 3098 facturus
721 3035 753 3077 es
768 3016 808 3095 (Ι,
827 3015 929 3091 46)...
937 3014 1096 3078 .lnvitus
1117 3015 1267 3098 facturus
1281 3036 1313 3079 es

255 3108 378 3187 hoc(l,
394 3110 505 3184 49)..
513 3107 646 3171 ,Nobis
661 3109 851 3191 parciturus
874 3113 920 3171 est
941 3108 1004 3170 iste
1028 3108 1138 3188 (ΙΙ
1191 3108 1312 3186 ..Qui

256 3220 320 3265 nos
335 3201 532 3284 baptizaturi
542 3205 655 3264 sunt...
674 3201 743 3279 Qui
758 3201 860 3264 nobis
875 3201 970 3283 poeni
972 3201 1089 3264 tentiae
1103 3220 1232 3263 munus
1243 3198 1310 3264 col-

258 3296 359 3359 laturi
382 3300 460 3358 sunt
480 3301 513 3359 et
534 3301 755 3378 peccatorum
777 3295 927 3359 vinculis
950 3295 1129 3360 soluturi...
1155 3295 1225 3372 Qui
1247 3315 1312 3359 uos

259 3391 417 3473 sepulturi
438 3394 515 3452 sunt
537 3390 591 3469 (ΙΙ,
615 3391 678 3467 34).
776 3390 936 3453 Venturus
952 3394 998 3452 est
1006 3389 1164 3471 judicare
1176 3390 1231 3469 (ΙΙ,
1246 3392 1310 3467 86).

260 3482 389 3565 ...lpse
413 3486 567 3544 uenturas
596 3486 642 3544 est
670 3499 813 3563 arguere
841 3498 981 3544 omnem
1009 3497 1148 3542 carnem
1175 3479 1229 3559 (ΙΙ,
1246 3481 1309 3558 90).

260 3575 453 3657 ...Semper
468 3574 618 3637 dicimus
634 3580 666 3636 et
681 3573 836 3636 diximus
851 3578 883 3635 et
896 3572 1016 3635 dicturi
1031 3591 1146 3634 sumus
1159 3572 1229 3650 (ΙΙΙ,
1247 3576 1309 3650 17).

259 3669 374 3746 Qur
385 3668 495 3732 reddi
483 3672 574 3730 urus
586 3671 633 3729 est
642 3685 704 3749 pro
715 3666 783 3729 tide
795 3665 988 3729 mercedem
1002 3666 1072 3744 Ι(ΙΙ,
1084 3668 1169 3741 25)..
1177 3665 1311 3743 ..Quod

257 3761 361 3822 frater
386 3779 484 3822 meus
510 3758 659 3842 facturus
685 3762 731 3821 esi
754 3758 823 3834 (ΙΙΙ,
840 3759 939 3834 28)..
946 3670 1083 3835 ..Quid
1107 3757 1256 3839 facturus
1278 3777 1312 3819 es

258 3853 328 3935 (ΙΙΙ,
344 3853 447 3930 36)..
455 3852 666 3935 ,perditurus
681 3872 713 3915 es
727 3851 883 3915 animam
897 3856 1006 3913 tuam.
