3142 5084
652 406 811 468 ..53-

206 576 495 647 controversiam
514 575 673 659 vitasset,
697 595 769 664 qua
789 575 883 642 bene
904 574 1084 660 ordinata,
1106 575 1258 645 Ariano-

205 727 288 778 rum
302 704 497 774 audaciam
517 703 687 772 catholici
706 703 855 771 fracturi
870 704 1035 772 fuissent.
1053 703 1098 772 At
1114 711 1254 791 contra,

117 807 119 811 Α
205 832 276 917 isti,
295 837 329 898 et
343 830 548 919 praesertim
563 828 777 912 Donatistae,
791 829 853 896 illa
869 827 1065 896 collatione
1077 831 1257 918 putabant

206 957 406 1026 catholicos
438 956 544 1023 facile
582 955 743 1044 opprimi
776 976 901 1043 posse,
937 955 1255 1045 quemadmodum

204 1077 287 1162 post
311 1071 495 1140 celebrem
515 1070 617 1137 illam
638 1069 866 1158 Carthaginis
886 1069 1134 1156 collationem,
1156 1092 1255 1140 anno

204 1199 267 1267 411
302 1199 480 1282 habitam,
514 1197 832 1270 schismaticorum
865 1202 987 1285 partes
1018 1202 1122 1265 erant
1154 1220 1256 1287 pros-

203 1330 319 1394 iratae.

249 1452 357 1537 Quod
377 1453 407 1519 si
427 1456 571 1519 tantum
592 1449 684 1518 illud
702 1451 909 1540 periculum
930 1473 1006 1519 non
1026 1458 1123 1520 recte
1142 1453 1255 1521 vidis-

204 1586 258 1649 set
276 1581 332 1648 vir
348 1579 651 1668 sapientissimus,
673 1577 859 1667 Eugenius
881 1580 1193 1668 carthaginiensis,
1217 1603 1255 1649 se

203 1712 238 1775 et
257 1729 343 1775 suos
358 1706 470 1774 armis
490 1706 670 1772 instruere
686 1711 721 1772 et
733 1706 838 1795 quasi
853 1728 961 1772 muro
977 1705 1152 1776 adversus
1174 1730 1255 1797 per·

202 1835 297 1904 fidos
323 1835 447 1902 hostes
474 1834 618 1922 cingere
643 1854 720 1900 non
749 1834 971 1918 tentavisset,
993 1840 1122 1923 petens
1152 1841 1192 1902 ut
1211 1857 1255 1903 ex

203 1963 305 2030 omni
326 1962 426 2029 orbis
446 1966 627 2028 terrarum
646 1965 749 2049 parte
769 1961 932 2050 episcopi
953 1960 1000 2028 ad
1020 1961 1254 2051 disceptatio-

204 2111 291 2158 nem
320 2082 603 2158 arcesserentur.
641 2087 761 2172 Quam
791 2087 955 2177 perfidus
986 2095 1109 2157 autem
1146 2090 1255 2158 fuerit

202 2217 420 2301 HunericuS,
444 2221 596 2285 eventus
613 2215 889 2283 demonstravit.
908 2214 1080 2284 Edixerat
1100 2218 1199 2285 enim
1215 2223 1255 2284 ut

203 2363 332 2410 omnes
351 2340 483 2409 Africae
504 2346 539 2408 et
566 2340 771 2409 insularum
790 2341 997 2408 vicinarum
1018 2343 1181 2431 episcopi
1206 2343 1253 2410 ad

203 2469 439 2538 collationem
467 2492 483 2535 (r
512 2469 648 2535 omissa
682 2469 785 2535 omni
819 2469 1053 2535 excusatione
1085 2469 1252 2536 formidi-

202 2600 259 2666 nis
278 2597 329 2687 (1)
350 2620 367 2663 »
388 2597 556 2664 venirent
575 2617 582 2679 3
605 2600 778 2676 attamen,
800 2596 1068 2684 posthabitam
1089 2597 1253 2664 collatio-

202 2746 301 2810 nem,
325 2743 387 2792 eos
407 2724 510 2790 omni
529 2745 568 2796 re
594 2722 641 2790 ad
664 2724 803 2791 victum
828 2725 1033 2791 necessaria
1058 2724 1251 2808 denudari,

119 2941 120 2944 Ἴ
203 2849 449 2938 domibusque
469 2849 532 2914 ubi
553 2848 713 2937 hospitio
730 2848 1006 2936 excipiebantur
1026 2850 1170 2939 expelli,
1193 2849 1254 2918 de-

202 2979 315 3068 nique
331 2979 369 3045 in
386 2975 574 3044 Corsicam
594 2977 746 3066 relegari
757 2977 867 3065 jussit
881 2977 943 3067 (2).
966 2978 1053 3046 Haec
1068 2983 1145 3046 erat
1159 2979 1254 3047 Van-

202 3105 373 3174 dalorum
393 3106 496 3174 fides.

247 3233 444 3302 Catholicis
463 3255 551 3301 vero
571 3234 610 3300 in
629 3239 753 3300 mente
775 3239 852 3301 erat
871 3235 980 3322 justis
1000 3236 1112 3302 armis
1131 3234 1254 3302 Eccle-

202 3361 265 3429 siae
291 3359 462 3449 dogmata
490 3359 713 3444 defendere3
746 3381 858 3449 seque
883 3362 992 3449 igitur
1016 3361 1063 3428 ad
1091 3381 1253 3450 pugnam

201 3488 439 3555 accinxerunt
459 3486 692 3575 congerendo
712 3487 751 3553 in
772 3510 789 3552 r(
811 3487 905 3554 libro
925 3487 1011 3554 fidei
1027 3489 1217 3556 catholicae
1235 3513 1251 3554 a

201 3620 416 3704 argumenta
436 3615 570 3703 quibus
587 3619 671 3680 ante
687 3613 814 3681 oculos
829 3614 957 3702 positis
976 3614 1071 3700 freti,
1094 3621 1128 3683 et
1147 3615 1254 3705 liqui·

137 3826 142 3832 *
202 3740 285 3808 dius
304 3747 340 3809 et
358 3741 491 3808 melius
512 3740 699 3828 disputare
718 3746 868 3829 possent
887 3741 949 3830 (3).
972 3741 1091 3830 Atque
1111 3765 1196 3810 cum
1216 3744 1254 3810 in

201 3872 299 3935 recta
331 3866 579 3955 disputatione
606 3888 710 3955 spem
740 3888 891 3935 ornnem
915 3867 1041 3934 salutis
1066 3869 1253 3936 christiani

233 4116 266 4178 (Ι)
284 4115 347 4165 vict.
368 4116 430 4176 vit,
449 4118 479 4178 ll,
496 4117 538 4167 39.

236 4191 267 4254 (Ι)
285 4191 350 4241 vict.
368 4192 431 4251 vit„
448 4194 490 4252 ΙΙΙ,
509 4191 552 4241 20.

232 4268 266 4329 (tt)
286 4269 356 4315 lllum
375 4285 386 4313 ι
404 4269 460 4317 sulci
477 4268 603 4318 catholicae
619 4268 708 4316 librum
723 4284 737 4314 »
752 4268 875 4332 Eugenius
895 4268 1098 4333 carthaginiensis
1116 4271 1255 4332 scripserat.

203 4336 242 4402 (V.
261 4344 424 4405 Gennadium,
442 4345 471 4394 dc
485 4345 655 4413 Scriptorihus
672 4345 850 4407 ecclesiasticis,
867 4361 920 4413 cap.
933 4346 986 4412 97).
1006 4374 1036 4384 -
1051 4347 1082 4401 V.
1097 4361 1155 4412 pag.
1170 4347 1210 4399 26.
