3142 5084
649 457 766 516 -2121
789 492 829 500 -

211 632 285 696 est:
311 650 371 694 n...
394 625 556 693 Labores
575 625 761 713 suscipere
779 646 848 713 pro
880 625 1054 691 omnibus
1081 624 1261 692 tuendis»

211 755 268 847 (de
290 753 406 845 offic„
427 754 487 838 ΙΙΙ,
508 752 578 842 25).
602 751 730 820 Obiter
748 753 860 821 citare
876 753 982 841 juvat
1007 752 1088 821 haec
1112 773 1195 841 quae
1221 775 1265 822 ex

211 883 430 973 Hieronymi
449 882 544 949 libro
565 882 728 970 excerpsi
757 906 763 950 :

251 1019 427 1103 Pamphili
443 1018 574 1081 librum
585 1038 648 1100 pro
662 1018 860 1081 defensione
875 1018 1035 1100 Origenis
1049 1018 1170 1098 (Hier,
1187 1019 1262 1082 ado.

160 1168 163 1174 .
212 1115 339 1197 Ralla.)
362 1113 401 1192 (l,
417 1115 460 1190 8).
479 1113 567 1176 Volo
579 1132 641 1195 pro
659 1112 802 1194 legentis
814 1113 978 1176 facilitate
995 1113 1091 1176 abuti
1108 1133 1265 1178 sermone

212 1210 351 1292 vulgato
367 1206 488 1285 (Hier,
504 1205 607 1288 Epist.
622 1206 672 1285 64,
686 1208 775 1282 ll)...
795 1206 834 1267 ln
849 1206 1001 1270 Africam
1014 1227 1076 1290 pro
1090 1207 1264 1270 defensio-

214 1322 257 1365 ne
285 1300 484 1366 Siculorum
505 1301 662 1363 Romana
685 1299 917 1363 transmarina
933 1307 1014 1363 sunt
1037 1300 1135 1384 signa
1160 1302 1263 1380 (But,

213 1398 307 1460 Brea.
320 1397 364 1474 4).
1276 1394 1281 1405 “

395 1551 737 1618 20rnnrosrr1onns
761 1569 833 1618 cun
857 1569 1074 1619 accusarrvo

706 1702 776 1770 Per

258 1840 410 1929 Vigente
441 1841 540 1908 bona
563 1839 754 1923 latinitate,
772 1840 842 1907 hac
863 1841 1126 1929 praepositione
1153 1840 1268 1931 desig-

214 1960 397 2035 nabantur
425 1989 509 2057 quae
537 1966 584 2035 ad
615 1968 740 2035 locum
764 1967 845 2057 (per
869 1967 1003 2036 medios
1029 1968 1178 2057 hostes),
1220 1967 1268 2036 ad

215 2100 361 2183 tempus
379 2095 459 2185 (per
478 2094 643 2184 noctem),
665 2094 713 2163 ad
733 2116 882 2162 causam
897 2095 977 2185 (per
997 2102 1028 2163 te
1046 2095 1269 2185 saluussum)

217 2220 322 2289 etad
350 2222 532 2290 rationem
559 2222 640 2312 (per
663 2221 805 2311 jocum)
833 2222 1066 2310 pertinebant
1097 2223 1158 2312 (1).
1181 2222 1269 2290 Haec

216 2352 292 2415 tam
321 2348 419 2416 clara
444 2348 534 2415 olim
555 2349 592 2415 in
626 2347 724 2415 illius
748 2349 1022 2437 praepositionis
1051 2370 1119 2417 usu
1145 2347 1270 2416 discri-

216 2473 329 2557 mina,
358 2471 515 2552 Victoris
544 2478 661 2558 aetate,
695 2474 744 2541 ita
771 2474 1064 2544 obscurabantur
1092 2479 1132 2542 ut
1155 2473 1269 2542 modo

217 2598 333 2689 (quod
353 2579 576 2690 plerumque
595 2602 734 2669 factum
755 2601 823 2690 est)
843 2623 989 2670 catrsam
1009 2608 1043 2669 et
1059 2601 1270 2669 instrumen-

219 2729 294 2792 tum
313 2725 544 2813 signifiearet‚
567 2727 681 2794 modo
702 2747 787 2794 cum
808 2725 969 2814 quadam
984 2726 1138 2795 libidine
1158 2747 1271 2816 pone-

218 2859 328 2921 retur.

262 2980 299 3069 a)
323 2980 465 3069 Saepius
487 2979 589 3069 apud
608 2979 794 3047 Victorem
809 3001 876 3069 per
895 3002 980 3048 cum
1000 2981 1208 3049 accusativo
1233 2981 1272 3048 in

218 3108 342 3177 locum
362 3108 510 3177 ablativi
532 3129 651 3175 carisa
670 3109 749 3176 sine
772 3109 1035 3197 praepositione
1054 3109 1269 3178 adhibetur:

305 3248 368 3309 Per
382 3245 493 3329 officia
510 3251 810 3308 sacramentorum
821 3246 863 3308 de
880 3247 971 3310 fonte
987 3246 1141 3309 mundus
1156 3264 1272 3309 ascen-

219 3340 254 3403 di
270 3341 309 3420 (Ι,
327 3343 389 3417 21).
456 3341 520 3402 Per
534 3339 817 3422 rebaptizationis
834 3360 963 3403 canum
982 3339 1064 3402 fidei
1081 3359 1153 3402 suae
1167 3359 1270 3402 orna-

219 3440 335 3497 menta
351 3439 530 3516 turparent
545 3433 589 3510 (l,
609 3435 679 3511 33).
751 3434 814 3495 Per
829 3433 961 3515 pladios
975 3439 1152 3516 petrarum
1168 3439 1273 3516 caput

220 3527 461 3591 conterebatur
476 3527 530 3605 (ll,
546 3528 609 3603 36).
674 3528 738 3589 Per
749 3527 838 3589 uteri
856 3527 1107 3609 appellationem
1121 3527 1272 3610 proprie-

220 3627 323 3684 tatem
340 3620 473 3703 generis
489 3619 684 3683 ostenderet
698 3621 752 3699 (ll,
774 3623 836 3697 72).

265 3751 301 3841 b)
324 3751 423 3819 Alias
439 3771 507 3841 per
520 3773 588 3840 pro
609 3751 645 3819 in
666 3773 747 3819 eum
768 3752 926 3820 ablativo
946 3752 1122 3841 ponitur:

313 3877 433 3941 Ariani
458 3898 517 3961 per
546 3877 674 3940 diuersa
701 3878 885 3942 ministeria
915 3885 1125 3961 ponerentur
1148 3880 1193 3957 (Ι,
1213 3880 1272 3957 43)

218 3998 259 4027 =
272 3971 309 4035 in
317 3970 464 4035 dirersis
475 3970 691 4035 ministeriis.
756 3972 825 4050 Qui
840 3972 876 4035 in
887 3972 1273 4056 Constantinopolim(*)

252 4213 284 4275 (l)
301 4212 358 4264 vid.
374 4212 477 4261 lntoine
491 4229 497 4262 ε
510 4212 581 4276 Spnt.
599 4212 628 4262 de
639 4213 662 4262 la
673 4213 761 4275 lanptae
777 4213 854 4262 latine
872 4211 905 4275 (p.
920 4215 972 4272 100,
991 4212 1050 4274 sa).

251 4348 279 4411 (*)
299 4346 511 4474 innatantinopoti
526 4351 577 4409 Ws;
591 4348 830 4413 Constantinopolim
844 4348 925 4398 ceteri
940 4348 1034 4398 codices
1046 4364 1053 4409 ·,
1066 4346 1140 4411 Apud
1152 4345 1271 4398 Constan-

220 4424 304 4489 tinopo
315 4424 350 4474 im
364 4425 397 4476 ll.
412 4427 458 4476 Ru.
