3142 5084
699 448 880 512 -149-
982 544 986 556 .

304 615 413 706 Apud
428 616 613 686 Victorem
633 625 757 687 autem
777 619 878 708 quod
893 619 983 687 olim
1009 619 1127 688 rarius
1147 628 1223 689 erat
1241 620 1313 690 fre-

261 745 547 832 quentissimum
565 745 704 814 factum
720 753 774 814 est
792 770 798 814 :

364 867 489 932 Africae
518 869 726 933 miserabilis
747 871 858 952 attigit
882 872 980 951 fines,
1010 871 1229 934 transvadans
1253 892 1314 954 per

260 960 438 1042 angustias
460 963 567 1025 maris
583 965 622 1042 (Ι,
640 965 680 1040 1).
760 965 962 1026 Invenientes
985 970 1145 1046 pacatam
1170 965 1312 1046 provin-

260 1053 388 1118 ciam...
406 1055 710 1137 depopulabantur
733 1058 771 1137 (Ι,
790 1060 833 1134 3).
858 1058 1051 1121 Recedentes
1065 1057 1117 1120 illi
1133 1063 1314 1140 caeperunt

260 1146 379 1209 divina
403 1149 565 1231 mysteria
590 1149 761 1212 celebrare
786 1151 824 1228 (Ι,
841 1151 904 1227 18).
990 1149 1160 1212 Insaniens
1187 1149 1312 1213 Christi

259 1241 437 1324 mancipia
459 1241 601 1324 conjicit
622 1242 774 1306 vinculis
789 1243 828 1322 (Ι,
844 1246 908 1322 33).
994 1244 1219 1306 Peruenientes
1242 1249 1312 1306 tra-

260 1334 390 1397 duntur
410 1335 481 1417 regi
503 1336 706 1399 Maurorum
723 1337 762 1415 (Ι,
778 1339 888 1414 35)...
897 1336 1065 1400 ,Cadente
1084 1337 1125 1399 de
1147 1336 1313 1399 manibus

260 1428 377 1492 codice
401 1434 559 1492 mortuus
579 1436 658 1512 post
682 1430 837 1493 cecidit
828 1451 902 1514 1pse
921 1431 960 1510 (Ι,
975 1433 1078 1507 41)..
1087 1431 1315 1494 .lntr0euntes

260 1541 385 1605 corpus
411 1523 537 1587 Christi
563 1523 773 1605 pavimentis
797 1531 1033 1607 sparserunt(
986 1526 1060 1604 t(‚l
1076 1527 1176 1601 42).
1183 1525 1314 1602 ..Quae

259 1622 330 1680 tota
354 1616 410 1679 die
426 1617 575 1700 jacentia
590 1619 649 1681 vix
673 1638 814 1700 v·espe1e
837 1619 993 1701 sepeliri
996 1618 1166 1681 concessit
1181 1619 1235 1697 (ΙΙ,
1249 1621 1311 1695 15)

312 1709 547 1793 supervenient
547 1731 579 1773 es
603 1712 745 1775 comites
769 1713 839 1775 duo
863 1732 944 1775 cum
969 1713 1031 1775 Dei
1054 1712 1313 1775 confessoribus

259 1822 357 1886 agere
374 1811 555 1887 coeperunt
570 1806 625 1885 (ΙΙ,
642 1807 752 1883 28)..
759 1806 952 1868 .Esceuntes
977 1805 1094 1887 itaque
1119 1805 1174 1868 die
1197 1805 1311 1868 domi·

259 1898 376 1962 nica..
395 1898 582 1962 crudeliter
607 1898 833 1961 minabantur
848 1899 903 1978 (ΙΙ
921 1901 1024 1976 33)...
1032 1899 1202 1961 ..ludicris
1221 1899 1311 1981 epis-

259 2011 367 2074 copus
392 1991 495 2074 jussit
519 1992 701 2056 hominem
730 1992 874 2055 introire
903 1993 957 2071 ΙΙ,
974 1993 1077 2070 49)..
1085 1992 1239 2070 Quod
1255 1992 1313 2055 rlle

259 2104 454 2167 capnoscens
482 2085 687 2148 relationem
716 2085 960 2167 Carthaginem
992 2007 1117 2148 direxit
1145 2086 1215 2164 (ΙΙΙ,
1247 2088 1309 2163 29).

261 2180 437 2243 ...Parant
437 2199 469 2241 es
425 2179 593 2242 tdorsa
619 2198 682 2241 sua
704 2178 916 2256 verberibus,
940 2178 1070 2241 alacres
1088 2179 1132 2241 ad
1148 2178 1311 2242 exsilium

258 2279 407 2356 pergunt
422 2273 492 2352 (ΙΙΙ,
509 2273 572 2349 38).
655 2272 708 2335 Ad
730 2292 788 2335 eos
813 2271 943 2335 veniens
957 2272 1135 2354 quondam
1151 2273 1312 2337 Nicasius

161 2416 163 2418 .
258 2365 296 2429 in
311 2364 407 2431 brevi
422 2365 532 2428 simili
549 2371 659 2429 morte
674 2365 779 2447 periit
792 2366 863 2445 (ΙΙΙ,
880 2367 942 2443 71).

303 2556 342 2646 d)
360 2556 402 2624 In
421 2557 531 2645 hujus
551 2557 694 2624 articuli
714 2557 788 2625 fine
809 2564 1061 2646 opportunum
1083 2557 1178 2626 duco
1199 2559 1310 2626 citare

258 2682 457 2749 sententias
472 2703 564 2771 quas
579 2681 854 2771 Petschenigius
869 2683 908 2749 in
922 2682 1047 2750 Indice
1063 2704 1147 2751 cum
1163 2683 1311 2771 partici-

257 2809 309 2897 pii
324 2808 482 2876 absoluti
499 2809 676 2896 exemplis
691 2810 886 2892 recensuit,
901 2815 935 2876 et
945 2809 1098 2877 fortasse
1111 2831 1188 2877 non
1199 2813 1307 2893 recte,

258 2956 343 3003 cum
362 2935 464 3003 nulla
484 2942 582 3003 certa
597 2936 739 3003 ratione
761 2936 934 3025 explicari
950 2942 1087 3024 queant
1106 2959 1112 3004 :

350 3061 539 3126 AEstimans
556 3062 616 3125 tali
633 3063 789 3145 exemplo
804 3063 965 3127 timorem
982 3063 1141 3126 incutiens
1149 3063 1309 3140 (zincu-

258 3151 399 3217 tientem
418 3158 470 3231 (2))
492 3153 647 3235 reliquos
662 3160 723 3233 (se)
739 3155 895 3217 elisurum
912 3155 966 3233 (ll,
984 3158 1047 3230 52).
1117 3157 1181 3219 Sed
1199 3177 1310 3239 neque

256 3245 445 3308 Antonium
470 3246 544 3308 haec
570 3265 622 3307 res
647 3246 691 3307 ab
719 3245 856 3308 insania
884 3245 997 3327 potuit
1021 3265 1180 3310 revocare
1207 3248 1311 3309 sciens

257 3342 308 3415 (=
325 3338 490 3403 scientem
510 3342 561 3416 [2])
576 3358 611 3402 se
627 3338 737 3420 magis
758 3338 867 3420 impio
884 3339 953 3420 regi
969 3358 1071 3420 posse
1087 3340 1222 3422 placere
1237 3340 1308 3419 (ΙΙΙ,

256 3433 319 3509 54).
385 3431 598 3494 Auctoritate
609 3430 731 3493 uxoria
747 3431 931 3512 increpatus
943 3431 1141 3508 (Antonius)
1157 3431 1310 3495 lacrimae

258 3523 475 3588 siccaverunt
488 3524 559 3604 (ΙΙΙ,
577 3525 629 3601 50)
647 3529 699 3601 (z
714 3523 881 3606 increpati
897 3524 1038 3586 Antonii
1058 3528 1093 3600 (2)
1110 3525 1287 3602 lacrimae).

401 3765 416 3853 ᾗ
439 3765 471 3834 3.
494 3806 537 3814 -
557 3785 603 3833 on
627 3785 794 3835 conrusrs
818 3787 923 3833 vanni
947 3786 1171 3835 rurreomuus

301 3969 451 4054 Laxam,
483 3970 586 4036 omni
624 3969 758 4058 linguae
791 3969 915 4038 latinae
950 3975 1067 4056 aetate,
1098 3970 1223 4039 videre
1257 3978 1309 4038 est

257 4102 468 4184 temporum
497 4096 814 4184 significationem,
845 4097 1051 4185 praesertim
1088 4097 1126 4164 in
1162 4097 1308 4185 plebeio

258 4242 440 4291 sermone.
462 4221 569 4289 lstius
589 4223 803 4290 mutationis
829 4223 997 4312 exempla
1019 4224 1185 4311 praebent
1208 4221 1309 4310 Apu-

258 4350 352 4424 leius
376 4355 412 4421 et
433 4371 563 4421 amnes
586 4349 662 4419 Afri
681 4373 689 4439 3
710 4349 776 4419 sed
801 4350 840 4421 in
866 4350 936 4423 hac
959 4371 999 4422 re
1024 4350 1149 4422 Victor
1169 4350 1310 4442 majore
