3142 5084
510 1198 677 1315 Plus
703 1197 1068 1317 Posruuiou

446 1491 497 1554 DE
525 1490 726 1553 VICTORIS
754 1490 930 1557 DlClillDl
956 1493 1124 1560 VENERE

700 1728 868 1745 m

473 2021 518 2094 l.
551 2061 598 2072 —
626 2040 668 2092 ur
695 2038 855 2094 vrcrorus
880 2039 1087 2096 munilia

301 2262 408 2332 Nunc
427 2284 550 2351 operae
563 2263 723 2352 pretium
740 2269 793 2331 est
810 2263 935 2332 videre
955 2266 1064 2353 quale
1087 2267 1134 2334 sit
1151 2266 1309 2337 Victoris

259 2388 405 2457 dicendi
420 2408 546 2479 genus
568 2394 767 2479 postquam
794 2390 839 2458 de
868 2391 1051 2459 historicis
1071 2394 1157 2482 ejus,
1169 2394 1309 2461 artibus

258 2515 425 2584 disserui.
451 2517 585 2585 Fateor
604 2537 726 2606 neque
751 2518 906 2584 utilitate
926 2540 1047 2607 neque
1067 2518 1309 2588 delectatione

259 2663 383 2711 carere
398 2644 615 2732 hujusmodi
634 2644 909 2742 indagationem
924 2668 931 2732 3
949 2646 1035 2734 quia
1056 2651 1235 2715 nostrates
1255 2669 1311 2716 ar-

259 2773 304 2840 tis
332 2774 580 2862 grammaticae
600 2777 662 2839 aut
681 2771 879 2839 latinarum
898 2772 1103 2841 litterarum
1132 2775 1307 2863 magistri,

259 2919 474 2987 quanquam
490 2899 692 2987 saepissime
712 2897 915 2966 delabente
928 2898 1041 2967 latina
1056 2900 1179 2989 lingua
1196 2900 1311 2970 disse-

258 3049 376 3112 ruere,
399 3026 445 3096 de
469 3027 616 3096 Victore
635 3026 775 3095 Vitensi
796 3027 937 3094 nullam
957 3030 1186 3098 mentionem
1215 3031 1311 3099 fece-

258 3161 366 3240 runt;
396 3176 508 3244 quem
538 3152 638 3222 haud
658 3155 707 3222 ita
737 3153 996 3244 negligendum
1016 3177 1095 3224 esse
1118 3157 1244 3224 multis
1265 3156 1310 3225 de

259 3285 378 3351 causis
398 3304 542 3351 censeo.

304 3410 455 3499 Scripsit
473 3410 599 3480 Victor
617 3416 786 3499 tempore
819 3431 893 3498 quo
917 3411 997 3498 jam
1026 3431 1102 3478 non
1131 3412 1252 3479 solum
1272 3414 1311 3480 in
1358 3503 1360 3506 v

213 3551 217 3554 ’
258 3537 390 3621 Africa,
419 3536 484 3604 sed
505 3538 615 3605 etiam
644 3537 683 3603 in
703 3537 843 3604 caeteris
863 3537 1008 3624 imperii
1028 3539 1173 3605 romani
1193 3540 1312 3628 regio-

258 3660 367 3727 nibus
387 3661 583 3749 scriptores
603 3661 873 3729 evanescebant
888 3662 952 3749 qui
981 3661 1205 3731 ciceroniani
1235 3687 1311 3734 ser·

257 3788 380 3853 monis
408 3788 608 3876 imaginem
628 3789 833 3875 exprimere
852 3793 1033 3876 poterant.
1055 3789 1140 3859 Non
1160 3790 1312 3860 deerant

258 3920 381 3982 autem
401 3921 533 4003 poetae,
557 3914 762 3983 mediocres
777 3915 941 4004 quidem,
964 3918 1028 4006 qui
1047 3913 1247 4008 Vergilium
1277 3926 1312 3988 et

256 4040 460 4126 Lucanum,
492 4041 550 4109 vel
573 4042 816 4110 recentiorem
846 4041 1092 4110 Claudianum
1115 4044 1155 4111 in
1175 4045 1311 4113 scholis

259 4167 443 4264 admirati,
476 4164 622 4256 epicum
649 4187 763 4256 genus
783 4189 961 4236 renovare
980 4170 1182 4255 tentabant,
1216 4171 1312 4240 inter

262 4314 356 4383 quos
375 4292 596 4361 Dracontius
617 4296 692 4383 qui,
715 4301 889 4386 regnante
910 4294 1186 4383 Guntamundo,
1204 4297 1311 4367 llore-
