3142 5084
693 395 875 456 -182-

252 575 375 639 actum
396 587 475 635 esse
494 566 568 655 (Ill,
592 565 650 653 31)
669 570 870 654 antequam
890 564 936 632 de
952 571 1093 653 septem
1113 565 1319 633 monachis

253 697 403 763 brevem
428 694 669 776 mentionem,
692 692 797 781 quasi
823 693 954 776 obiter,
976 692 1073 760 facit.
1106 692 1143 760 Si
1172 693 1320 761 Victori

252 823 346 891 fidas
362 827 400 890 nt
420 823 588 910 scriptori
607 827 815 910 temporum
834 821 969 887 seriem
989 821 1214 904 observanti,
1236 842 1320 888 eer-

254 957 334 1018 tum
354 956 407 1018 est
434 950 573 1017 clerum
596 950 675 1037 jam
704 970 781 1014 non
809 947 1028 1037 Carthagine
1059 948 1215 1038 degisse,
1256 950 1320 1018 die

254 1102 340 1169 quo,
363 1078 537 1146 Hunerici
554 1078 672 1164 jusso,
704 1077 878 1145 monachi
905 1077 1025 1144 necati
1045 1083 1141 1145 sunt.
1165 1077 1317 1146 Horum

254 1213 379 1275 autem
394 1207 524 1273 funera
539 1206 578 1271 in
594 1205 769 1271 Passione
785 1203 918 1294 (talo)
932 1224 1013 1272 cum
1029 1204 1174 1291 hymnis
1187 1205 1320 1274 solem-

254 1334 359 1404 nibus
378 1338 410 1402 et
417 1339 600 1424 proeeunte
611 1333 704 1401 clero
716 1332 998 1422 carthaginiensi
1012 1332 1106 1400 facta
1123 1332 1315 1402 dicuntur.

256 1460 354 1545 Quin
366 1462 476 1528 etiam
490 1461 676 1527 Passionis
690 1461 857 1549 scriptor,
878 1465 917 1527 ut
932 1459 1009 1528 vult
1020 1459 1315 1549 PetschenigiuS,

255 1588 398 1676 ignorat
413 1586 626 1674 hujusmodi
642 1586 772 1654 funera
782 1584 1009 1674 Jampridem
1023 1606 1044 1653 a
1058 1585 1318 1654 Vandalorum

255 1715 400 1803 regibus
411 1714 521 1781 vetita
536 1713 648 1779 fnisse
656 1712 707 1802 (1)
726 1734 733 1797 ;
751 1712 789 1779 in
799 1733 911 1800 quem
920 1733 1084 1780 errorem
1100 1734 1177 1781 non
1187 1713 1317 1802 lapsus

255 1848 349 1912 esset
370 1843 433 1932 qui
454 1847 488 1909 et
508 1841 708 1909 Historiam
730 1847 764 1908 et
784 1840 1001 1907 Passionem
1021 1842 1314 1930 conscripsisset.

302 1970 369 2038 Cui
387 1969 538 2037 maximi
555 1965 707 2057 quidem
724 1966 903 2033 momenti
920 1974 1136 2056 argumento
1162 1989 1317 2057 respon-

256 2097 342 2166 dere
363 2097 583 2179 dubitarem,
607 2095 636 2161 si
652 2095 708 2162 vir
720 2094 884 2161 historiae
900 2093 1107 2162 scribendae
1120 2096 1263 2183 peritus
1280 2102 1317 2164 et

253 2223 292 2289 in
331 2222 482 2312 singulis
520 2222 630 2289 rebus
664 2218 869 2287 secundum
904 2224 1051 2308 tempus
1093 2221 1317 2289 enarrandis

254 2349 553 2440 diligentissimus
563 2346 887 2416 Victorhabendus
899 2353 1003 2414 esset.
1018 2347 1063 2415 At
1074 2369 1224 2416 necesse
1246 2355 1313 2434 est,

254 2484 293 2545 ut
309 2477 482 2561 vidimus,
501 2477 616 2544 alium
636 2475 681 2542 de
698 2496 741 2542 eo
757 2475 851 2542 ferre
860 2474 1057 2562 judicium.
1076 2475 1215 2564 ltaque,
1228 2498 1316 2546 curn

253 2605 292 2671 in
308 2603 440 2671 iisdem
459 2604 533 2671 fere
553 2602 638 2669 libri
658 2602 714 2668 sui
734 2601 825 2667 locis
847 2599 892 2667 de
910 2599 1140 2690 Carthaginis
1157 2600 1258 2670 clero
1275 2609 1311 2671 et

254 2728 299 2795 de
315 2728 507 2795 monachis
523 2728 648 2796 Victor
665 2727 779 2793 verba
795 2726 893 2809 facit,
912 2724 1023 2792 credo
1040 2725 1209 2810 libenter,
1233 2748 1314 2795 non

254 2857 371 2924 multo
406 2857 597 2943 interjecto
631 2862 811 2941 tempore,
852 2853 944 2920 alios
984 2854 1180 2938 exsulasse,
1220 2854 1316 2924 alios

254 2989 372 3051 morte
402 2983 618 3049 occubuisse
642 3006 649 3068 3
672 2985 760 3048 nam
781 2981 842 3047 illa
871 2985 975 3048 erant
994 2980 1124 3048 ultima
1153 2981 1315 3050 crudeli-

254 3112 337 3178 tatis
371 3110 537 3197 exempla
571 3110 616 3176 ab
650 3109 837 3176 Hunerico
874 3130 961 3175 mox
989 3109 1169 3175 morituro
1201 3109 1315 3177 simul

254 3236 362 3305 edita.
387 3235 484 3319 Quid
500 3237 608 3324 igitur
623 3235 732 3302 refert
752 3240 877 3302 utrum
898 3241 1042 3302 antean
1056 3241 1140 3323 post
1160 3237 1315 3325 presby-

253 3370 418 3432 terorum
439 3363 620 3446 exsilium,
644 3363 916 3430 monachorum
941 3363 1159 3451 martyrium
1187 3362 1315 3432 Victor

254 3492 601 3559 commemoraverit
617 3492 634 3556 ‘l
651 3489 745 3556 Cum
766 3491 866 3557 enim
882 3489 1063 3572 brevitati,
1082 3495 1121 3555 ut
1134 3489 1212 3576 ipse
1224 3488 1314 3556 fate-

253 3626 323 3703 tur,
342 3637 565 3707 magnopere
586 3617 804 3699 consuleret,
824 3637 984 3704 cumque
1005 3617 1100 3682 inter
1118 3621 1173 3682 tot
1188 3615 1313 3683 Hune-

255 3746 319 3812 riei
340 3744 505 3811 facinora
526 3741 658 3810 eodem
678 3748 844 3830 tempore
865 3742 1075 3826 commissa,
1098 3740 1222 3829 aliqua
1243 3743 1310 3809 eli·

253 3871 371 3960 genda
393 3876 524 3960 essent,
544 3891 585 3936 ea
603 3891 686 3958 quae
706 3871 894 3958 praecipua
913 3869 1145 3953 videbantur,
1171 3890 1309 3958 nempe

254 3999 364 4066 totius
385 3998 471 4065 cleri
492 3997 795 4086 carthaginiensis
812 3997 992 4080 exsilium,
1008 3995 1185 4086 peculiari
1207 4016 1309 4081 eura,

287 4259 319 4324 (1)
335 4257 397 4308 vat.
418 4225 473 4319 vit,
489 4259 506 4317 1,
522 4256 559 4306 15.
