3142 5084
700 413 860 510 ..67-

209 701 213 708 ,
255 615 504 685 miserabiliter
519 617 757 707 loquebantur
771 617 822 708 (1)
839 644 868 685 ».
886 616 1079 685 Affirmare
1094 637 1171 685 non
1186 616 1306 685 ausim

255 740 441 811 Victorem
461 744 631 813 homines
649 744 732 812 illos
751 743 886 812 vidisse
905 749 968 813 aut
993 744 1186 833 loquentes
1201 742 1307 812 audi-

255 869 362 938 visse.
386 869 458 938 Sed
484 891 700 960 quanquam
728 869 767 938 id
786 870 927 939 nemini
954 868 1129 939 credibile
1148 868 1304 954 videtur,

256 1015 334 1064 non
351 1018 505 1086 possum
521 1020 597 1067 non
608 982 749 1067 moveri
762 999 807 1066 iis
823 977 906 1087 quae
917 996 964 1066 ad
979 996 1032 1065 rei
1047 996 1160 1065 fidem
1169 995 1309 1086 profert

256 1123 382 1195 Victor
402 1126 465 1215 qui
494 1148 612 1195 unum
637 1125 788 1194 illorum
813 1131 1019 1215 martyrum
1048 1123 1225 1215 designat,
1251 1129 1307 1191 to-

257 1257 408 1345 tamque
423 1254 554 1322 urbem
570 1252 929 1342 Constantinopolim
945 1258 980 1320 et
989 1251 1176 1320 Zenonem
1186 1251 1310 1341 ipsum
1376 1308 1377 1313 ,

257 1381 520 1470 imperatorem
535 1381 574 1448 in
585 1381 637 1448 rei
648 1381 914 1465 testimonium,
932 1384 972 1448 ut
986 1380 1036 1448 ita
1047 1379 1181 1465 dicam,
1198 1378 1311 1447 advo-

258 1512 315 1576 cat
333 1507 395 1599 (2).

303 1636 392 1706 Haec
411 1643 446 1705 et
465 1635 648 1724 ejusmodi
672 1636 744 1704 alia
768 1657 854 1704 cum
872 1656 939 1724 per
963 1634 1124 1703 Africam
1148 1633 1312 1724 divulga·

259 1770 385 1834 rentur
406 1770 441 1832 et
460 1765 506 1832 ab
526 1764 764 1832 historiarum
784 1761 1024 1850 scriptoribus
1044 1780 1313 1829 commemora-

259 1899 397 1978 rentur,
420 1893 503 1982 quis
522 1889 659 1960 Victori
680 1895 904 1974 succenseat,
922 1888 1024 1979 quod
1038 1890 1117 1978 ipse
1130 1887 1311 1977 quasdam
1335 1969 1337 1973 Α

261 2042 388 2090 earum
411 2043 548 2105 rerum,
577 2021 617 2088 in
642 2019 737 2088 libro
766 2041 846 2104 su0‚
871 2017 1035 2086 retulerit
1054 2017 1072 2084 ‘i
1093 2016 1192 2085 Num
1211 2014 1312 2084 Tito-

259 2150 362 2218 Livio
383 2149 547 2219 historiae
562 2154 679 2216 artem
695 2152 730 2215 et
747 2146 861 2215 fidem
876 2145 1112 2236 denegamus,
1131 2145 1218 2234 quia
1229 2143 1311 2210 illas

261 2275 307 2344 de
323 2276 578 2345 Romanorum
598 2276 737 2365 origine
760 2274 914 2359 fabulas
944 2295 1036 2362 quas
1058 2273 1188 2362 vulgus
1209 2270 1313 2339 dieti·

260 2400 371 2486 tabat,
390 2405 564 2469 exornata
579 2402 745 2469 oratione
766 2401 948 2469 enarravit
965 2400 983 2466 ‘t

293 2686 325 2749 (l)
343 2688 402 2736 Cod.
416 2687 577 2746 lastinianus,
594 2687 614 2764 1Ι,
630 2687 676 2735 ⁶27:
693 2687 723 2733 de
735 2684 815 2734 officio
829 2684 935 2747 praeieeti
947 2683 1060 2746 praetorio
1074 2681 1171 2732 Airicte.

294 2765 325 2827 (Ξ)
343 2762 596 2822 vict.vit.,111,30.
647 2790 649 2793 -
