<?xml version="1.0" encoding="UTF-8"?>
<!DOCTYPE html PUBLIC "-//W3C//DTD XHTML 1.0 Transitional//EN"
    "http://www.w3.org/TR/xhtml1/DTD/xhtml1-transitional.dtd">
<html xmlns="http://www.w3.org/1999/xhtml" xml:lang="en" lang="en">
 <head>
  <title>
</title>
<meta http-equiv="Content-Type" content="text/html;charset=utf-8" />
  <meta name='ocr-system' content='tesseract 3.04.00' />
  <meta name='ocr-capabilities' content='ocr_page ocr_carea ocr_par ocr_line ocrx_word'/>
</head>
<body>
  <div class='ocr_page' id='page_1' title='image "./devictorisviten00ferrgoog_0047.png"; bbox 0 0 3142 5084; ppageno 0'>
   <div class='ocr_carea' id='block_1_1' title="bbox 771 406 931 469">
    <p class='ocr_par' dir='ltr' id='par_1_1' title="bbox 771 406 931 469">
     <span class='ocr_line' id='line_1_1' title="bbox 771 406 931 469; baseline -0.006 -17"><span class='ocrx_word' id='word_1_1' title='bbox 771 406 931 469; x_wconf 70' lang='lat'><strong>„38-</strong></span> 
     </span>
    </p>
   </div>
   <div class='ocr_carea' id='block_1_2' title="bbox 322 569 1377 662">
    <p class='ocr_par' dir='ltr' id='par_1_2' title="bbox 322 569 1377 662">
     <span class='ocr_line' id='line_1_2' title="bbox 322 569 1377 662; baseline 0.003 -20"><span class='ocrx_word' id='word_1_2' title='bbox 322 573 434 643; x_wconf 91' lang='lat' dir='ltr'>lenda</span> <span class='ocrx_word' id='word_1_3' title='bbox 453 578 507 642; x_wconf 90' lang='lat' dir='ltr'>est</span> <span class='ocrx_word' id='word_1_4' title='bbox 525 573 673 642; x_wconf 88' lang='lat' dir='ltr'>Poetsch</span> <span class='ocrx_word' id='word_1_5' title='bbox 693 575 820 662; x_wconf 92' lang='lat' dir='ltr'>opinio</span> <span class='ocrx_word' id='word_1_6' title='bbox 837 575 899 662; x_wconf 90' lang='lat' dir='ltr'>qui</span> <span class='ocrx_word' id='word_1_7' title='bbox 916 569 1106 643; x_wconf 71' lang='lat' dir='ltr'>contendit</span> <span class='ocrx_word' id='word_1_8' title='bbox 1121 596 1207 643; x_wconf 90' lang='lat' dir='ltr'>eum</span> <span class='ocrx_word' id='word_1_9' title='bbox 1227 578 1377 645; x_wconf 92' lang='lat' dir='ltr'>nonnisi</span> 
     </span>
    </p>
   </div>
   <div class='ocr_carea' id='block_1_3' title="bbox 322 702 1378 918">
    <p class='ocr_par' dir='ltr' id='par_1_3' title="bbox 322 702 1378 918">
     <span class='ocr_line' id='line_1_3' title="bbox 322 702 1378 793; baseline 0.003 -22"><span class='ocrx_word' id='word_1_10' title='bbox 322 722 421 772; x_wconf 91' lang='lat' dir='ltr'>anno</span> <span class='ocrx_word' id='word_1_11' title='bbox 441 703 518 787; x_wconf 86' lang='grc'>486,</span> <span class='ocrx_word' id='word_1_12' title='bbox 540 702 734 770; x_wconf 76' lang='lat' dir='ltr'>historiam</span> <span class='ocrx_word' id='word_1_13' title='bbox 754 703 912 770; x_wconf 91' lang='lat' dir='ltr'>scribere</span> <span class='ocrx_word' id='word_1_14' title='bbox 932 703 1107 791; x_wconf 86' lang='lat' dir='ltr'>potuisse,</span> <span class='ocrx_word' id='word_1_15' title='bbox 1131 705 1217 793; x_wconf 90' lang='lat' dir='ltr'>quia</span> <span class='ocrx_word' id='word_1_16' title='bbox 1238 705 1284 773; x_wconf 90' lang='lat' dir='ltr'>de</span> <span class='ocrx_word' id='word_1_17' title='bbox 1306 705 1378 774; x_wconf 89' lang='lat' dir='ltr'>Eu-</span> 
     </span>
     <span class='ocr_line' id='line_1_4' title="bbox 322 827 1374 918; baseline 0.003 -22"><span class='ocrx_word' id='word_1_18' title='bbox 322 828 429 918; x_wconf 82' lang='lat' dir='ltr'>genio</span> <span class='ocrx_word' id='word_1_19' title='bbox 450 827 741 917; x_wconf 80' lang='lat' dir='ltr'>Carthaginiensi</span> <span class='ocrx_word' id='word_1_20' title='bbox 761 828 807 895; x_wconf 89' lang='lat' dir='ltr'>ab</span> <span class='ocrx_word' id='word_1_21' title='bbox 829 827 956 895; x_wconf 86' lang='lat' dir='ltr'>exsilio</span> <span class='ocrx_word' id='word_1_22' title='bbox 976 848 1075 899; x_wconf 90' lang='lat' dir='ltr'>anuo</span> <span class='ocrx_word' id='word_1_23' title='bbox 1101 827 1168 895; x_wconf 90' lang='grc'>487</span> <span class='ocrx_word' id='word_1_24' title='bbox 1190 836 1374 918; x_wconf 89' lang='lat' dir='ltr'>revocato,</span> 
     </span>
    </p>
   </div>
   <div class='ocr_carea' id='block_1_4' title="bbox 322 953 1377 1177">
    <p class='ocr_par' dir='ltr' id='par_1_4' title="bbox 322 953 1377 1177">
     <span class='ocr_line' id='line_1_5' title="bbox 322 953 1377 1047; baseline 0.002 -22"><span class='ocrx_word' id='word_1_25' title='bbox 322 957 552 1040; x_wconf 86' lang='lat' dir='ltr'>mentionem</span> <span class='ocrx_word' id='word_1_26' title='bbox 571 977 648 1023; x_wconf 92' lang='lat' dir='ltr'>non</span> <span class='ocrx_word' id='word_1_27' title='bbox 666 955 792 1023; x_wconf 88' lang='lat' dir='ltr'>fecerit</span> <span class='ocrx_word' id='word_1_28' title='bbox 811 953 872 1045; x_wconf 77' lang='lat'><em>(1).</em></span> <span class='ocrx_word' id='word_1_29' title='bbox 895 953 996 1023; x_wconf 92' lang='lat' dir='ltr'>Nihil</span> <span class='ocrx_word' id='word_1_30' title='bbox 1020 954 1107 1024; x_wconf 88' lang='lat' dir='ltr'>inde</span> <span class='ocrx_word' id='word_1_31' title='bbox 1126 957 1377 1047; x_wconf 87' lang='lat' dir='ltr'>colligendum</span> 
     </span>
     <span class='ocr_line' id='line_1_6' title="bbox 323 1082 1377 1177; baseline 0 -23"><span class='ocrx_word' id='word_1_32' title='bbox 323 1090 377 1155; x_wconf 89' lang='lat' dir='ltr'>est</span> <span class='ocrx_word' id='word_1_33' title='bbox 395 1105 481 1152; x_wconf 87' lang='lat' dir='ltr'>curn</span> <span class='ocrx_word' id='word_1_34' title='bbox 499 1082 656 1152; x_wconf 91' lang='lat' dir='ltr'>Victoris</span> <span class='ocrx_word' id='word_1_35' title='bbox 680 1082 834 1150; x_wconf 89' lang='lat' dir='ltr'>historia</span> <span class='ocrx_word' id='word_1_36' title='bbox 858 1083 1054 1172; x_wconf 84' lang='lat' dir='ltr'>postremis</span> <span class='ocrx_word' id='word_1_37' title='bbox 1079 1083 1255 1153; x_wconf 90' lang='lat' dir='ltr'>Hunerici</span> <span class='ocrx_word' id='word_1_38' title='bbox 1275 1088 1377 1177; x_wconf 84' lang='lat' dir='ltr'>regni</span> 
     </span>
    </p>
   </div>
   <div class='ocr_carea' id='block_1_5' title="bbox 321 1209 1391 3078">
    <p class='ocr_par' dir='ltr' id='par_1_5' title="bbox 321 1209 1391 3078">
     <span class='ocr_line' id='line_1_7' title="bbox 321 1209 1377 1303; baseline 0 -21"><span class='ocrx_word' id='word_1_39' title='bbox 321 1213 432 1282; x_wconf 90' lang='lat' dir='ltr'>rebus</span> <span class='ocrx_word' id='word_1_40' title='bbox 451 1210 679 1278; x_wconf 85' lang='lat' dir='ltr'>terminetur.</span> <span class='ocrx_word' id='word_1_41' title='bbox 702 1209 774 1278; x_wconf 82' lang='lat' dir='ltr'>Aut</span> <span class='ocrx_word' id='word_1_42' title='bbox 788 1211 828 1277; x_wconf 92' lang='lat' dir='ltr'>in</span> <span class='ocrx_word' id='word_1_43' title='bbox 846 1211 939 1278; x_wconf 85' lang='lat' dir='ltr'>vivis</span> <span class='ocrx_word' id='word_1_44' title='bbox 959 1216 1036 1278; x_wconf 89' lang='lat' dir='ltr'>erat</span> <span class='ocrx_word' id='word_1_45' title='bbox 1054 1232 1129 1295; x_wconf 75' lang='lat' dir='ltr'>rer,</span> <span class='ocrx_word' id='word_1_46' title='bbox 1148 1233 1234 1280; x_wconf 91' lang='lat' dir='ltr'>cum</span> <span class='ocrx_word' id='word_1_47' title='bbox 1252 1235 1377 1303; x_wconf 89' lang='lat' dir='ltr'>perse-</span> 
     </span>
     <span class='ocr_line' id='line_1_8' title="bbox 323 1323 1391 1422; baseline -0.001 -13"><span class='ocrx_word' id='word_1_48' title='bbox 323 1341 512 1409; x_wconf 85' lang='lat' dir='ltr'>cutionem</span> <span class='ocrx_word' id='word_1_49' title='bbox 540 1337 712 1405; x_wconf 90' lang='lat' dir='ltr'>narrabat</span> <span class='ocrx_word' id='word_1_50' title='bbox 743 1335 880 1422; x_wconf 81' lang='lat' dir='ltr'>Victor,</span> <span class='ocrx_word' id='word_1_51' title='bbox 916 1342 979 1405; x_wconf 91' lang='lat' dir='ltr'>aut</span> <span class='ocrx_word' id='word_1_52' title='bbox 1012 1323 1098 1406; x_wconf 89' lang='lat' dir='ltr'>eum</span> <span class='ocrx_word' id='word_1_53' title='bbox 1131 1340 1267 1408; x_wconf 91' lang='lat' dir='ltr'>obiisse</span> <span class='ocrx_word' id='word_1_54' title='bbox 1300 1363 1391 1409; x_wconf 56' lang='lat' dir='ltr'>nonx</span> 
     </span>
     <span class='ocr_line' id='line_1_9' title="bbox 323 1462 1388 1552; baseline 0.002 -19"><span class='ocrx_word' id='word_1_55' title='bbox 323 1464 445 1534; x_wconf 89' lang='lat' dir='ltr'>adhuc</span> <span class='ocrx_word' id='word_1_56' title='bbox 482 1467 714 1552; x_wconf 89' lang='lat' dir='ltr'>compertum</span> <span class='ocrx_word' id='word_1_57' title='bbox 744 1462 929 1548; x_wconf 72' lang='lat' dir='ltr'>habebat,</span> <span class='ocrx_word' id='word_1_58' title='bbox 966 1484 1054 1532; x_wconf 98' lang='lat' dir='ltr'>nam</span> <span class='ocrx_word' id='word_1_59' title='bbox 1086 1465 1185 1533; x_wconf 92' lang='lat' dir='ltr'>illius</span> <span class='ocrx_word' id='word_1_60' title='bbox 1218 1472 1388 1535; x_wconf 83' lang='lat' dir='ltr'>mortem&#39;</span> 
     </span>
     <span class='ocr_line' id='line_1_10' title="bbox 322 1591 1378 1683; baseline 0.003 -22"><span class='ocrx_word' id='word_1_61' title='bbox 322 1593 447 1663; x_wconf 89' lang='lat' dir='ltr'>Victor</span> <span class='ocrx_word' id='word_1_62' title='bbox 466 1592 505 1659; x_wconf 92' lang='lat' dir='ltr'>in</span> <span class='ocrx_word' id='word_1_63' title='bbox 523 1591 597 1658; x_wconf 89' lang='lat' dir='ltr'>fine</span> <span class='ocrx_word' id='word_1_64' title='bbox 617 1591 702 1659; x_wconf 91' lang='lat' dir='ltr'>libri</span> <span class='ocrx_word' id='word_1_65' title='bbox 720 1591 880 1659; x_wconf 90' lang='lat' dir='ltr'>breviter</span> <span class='ocrx_word' id='word_1_66' title='bbox 895 1597 931 1659; x_wconf 86' lang='lat' dir='ltr'>et</span> <span class='ocrx_word' id='word_1_67' title='bbox 950 1592 1029 1660; x_wconf 90' lang='lat' dir='ltr'>sine</span> <span class='ocrx_word' id='word_1_68' title='bbox 1045 1594 1120 1661; x_wconf 90' lang='lat' dir='ltr'>ulla</span> <span class='ocrx_word' id='word_1_69' title='bbox 1140 1596 1378 1683; x_wconf 91' lang='lat' dir='ltr'>compositio-</span> 
     </span>
     <span class='ocr_line' id='line_1_11' title="bbox 323 1717 1377 1809; baseline 0.002 -23"><span class='ocrx_word' id='word_1_70' title='bbox 323 1719 381 1786; x_wconf 93' lang='lat' dir='ltr'>nis</span> <span class='ocrx_word' id='word_1_71' title='bbox 401 1718 490 1808; x_wconf 82' lang='lat' dir='ltr'>lege,</span> <span class='ocrx_word' id='word_1_72' title='bbox 505 1723 614 1808; x_wconf 90' lang='lat' dir='ltr'>atque</span> <span class='ocrx_word' id='word_1_73' title='bbox 630 1738 675 1785; x_wconf 86' lang='lat' dir='ltr'>ex</span> <span class='ocrx_word' id='word_1_74' title='bbox 689 1717 904 1806; x_wconf 90' lang='lat' dir='ltr'>improviso,</span> <span class='ocrx_word' id='word_1_75' title='bbox 916 1718 1017 1785; x_wconf 88' lang='lat' dir='ltr'>velut</span> <span class='ocrx_word' id='word_1_76' title='bbox 1032 1739 1111 1786; x_wconf 88' lang='lat' dir='ltr'>rem</span> <span class='ocrx_word' id='word_1_77' title='bbox 1124 1720 1286 1808; x_wconf 90' lang='lat' dir='ltr'>perfecto</span> <span class='ocrx_word' id='word_1_78' title='bbox 1296 1721 1377 1809; x_wconf 88' lang='lat' dir='ltr'>jam</span> 
     </span>
     <span class='ocr_line' id='line_1_12' title="bbox 323 1842 1378 1937; baseline 0.001 -26"><span class='ocrx_word' id='word_1_79' title='bbox 323 1843 427 1933; x_wconf 90' lang='lat' dir='ltr'>operi</span> <span class='ocrx_word' id='word_1_80' title='bbox 443 1842 713 1937; x_wconf 83' lang='lat' dir='ltr'>contexendam</span> <span class='ocrx_word' id='word_1_81' title='bbox 728 1848 1017 1928; x_wconf 75' lang='lat' dir='ltr'>commemorat,</span> <span class='ocrx_word' id='word_1_82' title='bbox 1035 1844 1084 1910; x_wconf 84' lang='lat' dir='ltr'>ita</span> <span class='ocrx_word' id='word_1_83' title='bbox 1099 1848 1140 1910; x_wconf 91' lang='lat' dir='ltr'>ut</span> <span class='ocrx_word' id='word_1_84' title='bbox 1153 1843 1212 1911; x_wconf 89' lang='lat' dir='ltr'>vel</span> <span class='ocrx_word' id='word_1_85' title='bbox 1228 1842 1378 1912; x_wconf 87' lang='lat' dir='ltr'>credere</span> 
     </span>
     <span class='ocr_line' id='line_1_13' title="bbox 324 1969 1378 2040; baseline -0.002 0"><span class='ocrx_word' id='word_1_86' title='bbox 324 1970 416 2040; x_wconf 93' lang='lat' dir='ltr'>mihi</span> <span class='ocrx_word' id='word_1_87' title='bbox 440 1969 589 2037; x_wconf 85' lang='lat' dir='ltr'>libuerit</span> <span class='ocrx_word' id='word_1_88' title='bbox 613 1970 764 2038; x_wconf 85' lang='lat' dir='ltr'>brevem</span> <span class='ocrx_word' id='word_1_89' title='bbox 788 1970 892 2038; x_wconf 95' lang='lat' dir='ltr'>illam</span> <span class='ocrx_word' id='word_1_90' title='bbox 921 1971 1049 2038; x_wconf 86' lang='lat' dir='ltr'>mortis</span> <span class='ocrx_word' id='word_1_91' title='bbox 1073 1969 1249 2038; x_wconf 91' lang='lat' dir='ltr'>Hunerici</span> <span class='ocrx_word' id='word_1_92' title='bbox 1275 1991 1378 2038; x_wconf 92' lang='lat' dir='ltr'>men-</span> 
     </span>
     <span class='ocr_line' id='line_1_14' title="bbox 324 2095 1377 2185; baseline 0.001 -21"><span class='ocrx_word' id='word_1_93' title='bbox 324 2097 465 2164; x_wconf 91' lang='lat' dir='ltr'>tionem</span> <span class='ocrx_word' id='word_1_94' title='bbox 490 2117 566 2164; x_wconf 94' lang='lat' dir='ltr'>non</span> <span class='ocrx_word' id='word_1_95' title='bbox 589 2096 700 2164; x_wconf 88' lang='lat' dir='ltr'>fuisse</span> <span class='ocrx_word' id='word_1_96' title='bbox 723 2095 880 2165; x_wconf 91' lang='lat' dir='ltr'>Victoris</span> <span class='ocrx_word' id='word_1_97' title='bbox 900 2095 965 2163; x_wconf 92' lang='lat' dir='ltr'>sed</span> <span class='ocrx_word' id='word_1_98' title='bbox 986 2095 1126 2163; x_wconf 90' lang='lat' dir='ltr'>librarii</span> <span class='ocrx_word' id='word_1_99' title='bbox 1146 2117 1240 2185; x_wconf 92' lang='lat' dir='ltr'>opus</span> <span class='ocrx_word' id='word_1_100' title='bbox 1263 2119 1270 2164; x_wconf 91' lang='lat'>:</span> <span class='ocrx_word' id='word_1_101' title='bbox 1303 2118 1377 2185; x_wconf 94' lang='lat' dir='ltr'>quo</span> 
     </span>
     <span class='ocr_line' id='line_1_15' title="bbox 325 2221 1377 2313; baseline -0.001 -21"><span class='ocrx_word' id='word_1_102' title='bbox 325 2223 453 2313; x_wconf 82' lang='lat' dir='ltr'>magis,</span> <span class='ocrx_word' id='word_1_103' title='bbox 476 2224 505 2291; x_wconf 90' lang='lat' dir='ltr'>si</span> <span class='ocrx_word' id='word_1_104' title='bbox 522 2227 663 2291; x_wconf 89' lang='lat' dir='ltr'>certum</span> <span class='ocrx_word' id='word_1_105' title='bbox 678 2225 783 2306; x_wconf 90' lang='lat' dir='ltr'>esset,</span> <span class='ocrx_word' id='word_1_106' title='bbox 800 2222 1020 2310; x_wconf 89' lang='lat' dir='ltr'>probaretur</span> <span class='ocrx_word' id='word_1_107' title='bbox 1032 2221 1232 2307; x_wconf 87' lang='lat' dir='ltr'>Victorem,</span> <span class='ocrx_word' id='word_1_108' title='bbox 1251 2227 1377 2291; x_wconf 87' lang='lat' dir='ltr'>exacto</span> 
     </span>
     <span class='ocr_line' id='line_1_16' title="bbox 323 2350 1378 2439; baseline 0 -20"><span class='ocrx_word' id='word_1_109' title='bbox 323 2352 399 2421; x_wconf 93' lang='lat' dir='ltr'>fere</span> <span class='ocrx_word' id='word_1_110' title='bbox 428 2372 527 2419; x_wconf 89' lang='lat' dir='ltr'>anno</span> <span class='ocrx_word' id='word_1_111' title='bbox 555 2350 633 2434; x_wconf 83' lang='grc'>484,</span> <span class='ocrx_word' id='word_1_112' title='bbox 664 2350 802 2418; x_wconf 91' lang='lat' dir='ltr'>librum</span> <span class='ocrx_word' id='word_1_113' title='bbox 828 2371 938 2417; x_wconf 93' lang='lat' dir='ltr'>suum</span> <span class='ocrx_word' id='word_1_114' title='bbox 971 2350 1171 2439; x_wconf 87' lang='lat' dir='ltr'>scripsisse,</span> <span class='ocrx_word' id='word_1_115' title='bbox 1204 2351 1378 2419; x_wconf 89' lang='lat' dir='ltr'>eumdem</span> 
     </span>
     <span class='ocr_line' id='line_1_17' title="bbox 322 2478 1377 2569; baseline 0.001 -21"><span class='ocrx_word' id='word_1_116' title='bbox 322 2501 411 2548; x_wconf 91' lang='lat' dir='ltr'>vero</span> <span class='ocrx_word' id='word_1_117' title='bbox 430 2483 513 2568; x_wconf 93' lang='lat' dir='ltr'>post</span> <span class='ocrx_word' id='word_1_118' title='bbox 533 2484 692 2567; x_wconf 91' lang='lat' dir='ltr'>quatuor</span> <span class='ocrx_word' id='word_1_119' title='bbox 706 2483 768 2547; x_wconf 90' lang='lat' dir='ltr'>aut</span> <span class='ocrx_word' id='word_1_120' title='bbox 784 2480 949 2569; x_wconf 90' lang='lat' dir='ltr'>quinque</span> <span class='ocrx_word' id='word_1_121' title='bbox 969 2500 1087 2547; x_wconf 90' lang='lat' dir='ltr'>annos</span> <span class='ocrx_word' id='word_1_122' title='bbox 1105 2478 1276 2566; x_wconf 90' lang='lat' dir='ltr'>edidisse,</span> <span class='ocrx_word' id='word_1_123' title='bbox 1298 2503 1377 2549; x_wconf 92' lang='lat' dir='ltr'>mu-</span> 
     </span>
     <span class='ocr_line' id='line_1_18' title="bbox 323 2606 1378 2697; baseline 0.001 -23"><span class='ocrx_word' id='word_1_124' title='bbox 323 2607 407 2674; x_wconf 88' lang='lat' dir='ltr'>tatis</span> <span class='ocrx_word' id='word_1_125' title='bbox 425 2606 599 2674; x_wconf 91' lang='lat' dir='ltr'>facillime</span> <span class='ocrx_word' id='word_1_126' title='bbox 618 2607 749 2695; x_wconf 92' lang='lat' dir='ltr'>primis</span> <span class='ocrx_word' id='word_1_127' title='bbox 767 2606 852 2674; x_wconf 92' lang='lat' dir='ltr'>libri</span> <span class='ocrx_word' id='word_1_128' title='bbox 880 2606 1014 2690; x_wconf 86' lang='lat' dir='ltr'>verbis,</span> <span class='ocrx_word' id='word_1_129' title='bbox 1037 2628 1084 2674; x_wconf 91' lang='lat' dir='ltr'>ne</span> <span class='ocrx_word' id='word_1_130' title='bbox 1112 2607 1208 2674; x_wconf 91' lang='lat' dir='ltr'>circa</span> <span class='ocrx_word' id='word_1_131' title='bbox 1233 2612 1378 2697; x_wconf 91' lang='lat' dir='ltr'>tempo-</span> 
     </span>
     <span class='ocr_line' id='line_1_19' title="bbox 324 2732 1375 2821; baseline 0.001 -20"><span class='ocrx_word' id='word_1_132' title='bbox 324 2755 407 2801; x_wconf 91' lang='lat' dir='ltr'>rum</span> <span class='ocrx_word' id='word_1_133' title='bbox 431 2734 613 2801; x_wconf 87' lang='lat' dir='ltr'>rationem</span> <span class='ocrx_word' id='word_1_134' title='bbox 639 2733 763 2800; x_wconf 94' lang='lat' dir='ltr'>minus</span> <span class='ocrx_word' id='word_1_135' title='bbox 788 2732 942 2821; x_wconf 81' lang='lat' dir='ltr'>diligens</span> <span class='ocrx_word' id='word_1_136' title='bbox 969 2733 1167 2802; x_wconf 89' lang='lat' dir='ltr'>videretur.</span> <span class='ocrx_word' id='word_1_137' title='bbox 1205 2734 1315 2818; x_wconf 85' lang='lat' dir='ltr'>Quod</span> <span class='ocrx_word' id='word_1_138' title='bbox 1345 2737 1375 2804; x_wconf 91' lang='lat' dir='ltr'>si</span> 
     </span>
     <span class='ocr_line' id='line_1_20' title="bbox 324 2860 1378 2950; baseline 0.005 -22"><span class='ocrx_word' id='word_1_139' title='bbox 324 2862 477 2929; x_wconf 91' lang='lat' dir='ltr'>ulterius</span> <span class='ocrx_word' id='word_1_140' title='bbox 492 2861 760 2950; x_wconf 89' lang='lat' dir='ltr'>composuisset</span> <span class='ocrx_word' id='word_1_141' title='bbox 774 2860 922 2945; x_wconf 91' lang='lat' dir='ltr'>librum,</span> <span class='ocrx_word' id='word_1_142' title='bbox 946 2861 1088 2929; x_wconf 91' lang='lat' dir='ltr'>nullam</span> <span class='ocrx_word' id='word_1_143' title='bbox 1102 2862 1211 2931; x_wconf 88' lang='lat' dir='ltr'>video</span> <span class='ocrx_word' id='word_1_144' title='bbox 1228 2885 1378 2932; x_wconf 89' lang='lat' dir='ltr'>causam</span> 
     </span>
     <span class='ocr_line' id='line_1_21' title="bbox 325 2987 1187 3078; baseline 0.001 -21"><span class='ocrx_word' id='word_1_145' title='bbox 325 3011 390 3058; x_wconf 91' lang='lat' dir='ltr'>cur</span> <span class='ocrx_word' id='word_1_146' title='bbox 410 2989 455 3057; x_wconf 90' lang='lat' dir='ltr'>de</span> <span class='ocrx_word' id='word_1_147' title='bbox 475 2990 584 3057; x_wconf 93' lang='lat' dir='ltr'>rebus</span> <span class='ocrx_word' id='word_1_148' title='bbox 604 2989 712 3078; x_wconf 83' lang='lat' dir='ltr'>gestis</span> <span class='ocrx_word' id='word_1_149' title='bbox 732 2987 985 3067; x_wconf 85' lang='lat' dir='ltr'>Guntamundi</span> <span class='ocrx_word' id='word_1_150' title='bbox 1004 2991 1187 3059; x_wconf 88' lang='lat' dir='ltr'>tacuisset.</span> 
     </span>
    </p>
   </div>
   <div class='ocr_carea' id='block_1_6' title="bbox 274 3272 1452 4001">
    <p class='ocr_par' dir='ltr' id='par_1_6' title="bbox 274 3272 1452 3618">
     <span class='ocr_line' id='line_1_22' title="bbox 274 3272 1379 3363; baseline -0.001 -21"><span class='ocrx_word' id='word_1_151' title='bbox 274 3329 276 3334; x_wconf 94' lang='lat'><em>.</em></span> <span class='ocrx_word' id='word_1_152' title='bbox 369 3275 493 3343; x_wconf 88' lang='lat' dir='ltr'>Restat</span> <span class='ocrx_word' id='word_1_153' title='bbox 513 3293 612 3340; x_wconf 92' lang='lat' dir='ltr'>nunc</span> <span class='ocrx_word' id='word_1_154' title='bbox 632 3279 671 3340; x_wconf 95' lang='lat' dir='ltr'>ut</span> <span class='ocrx_word' id='word_1_155' title='bbox 690 3273 838 3342; x_wconf 87' lang='lat' dir='ltr'>videam</span> <span class='ocrx_word' id='word_1_156' title='bbox 858 3295 932 3363; x_wconf 92' lang='lat' dir='ltr'>quo</span> <span class='ocrx_word' id='word_1_157' title='bbox 952 3273 991 3339; x_wconf 92' lang='lat' dir='ltr'>in</span> <span class='ocrx_word' id='word_1_158' title='bbox 1010 3274 1093 3341; x_wconf 91' lang='lat' dir='ltr'>loco</span> <span class='ocrx_word' id='word_1_159' title='bbox 1117 3272 1243 3342; x_wconf 89' lang='lat' dir='ltr'>Victor</span> <span class='ocrx_word' id='word_1_160' title='bbox 1267 3274 1379 3341; x_wconf 87' lang='lat' dir='ltr'>histo-</span> 
     </span>
     <span class='ocr_line' id='line_1_23' title="bbox 325 3401 1452 3492; baseline -0.001 -21"><span class='ocrx_word' id='word_1_161' title='bbox 325 3404 419 3471; x_wconf 89' lang='lat' dir='ltr'>riam</span> <span class='ocrx_word' id='word_1_162' title='bbox 438 3403 704 3492; x_wconf 88' lang='lat' dir='ltr'>persecutionis</span> <span class='ocrx_word' id='word_1_163' title='bbox 724 3402 921 3491; x_wconf 90' lang='lat' dir='ltr'>scripserit,</span> <span class='ocrx_word' id='word_1_164' title='bbox 940 3407 974 3470; x_wconf 88' lang='lat' dir='ltr'>et</span> <span class='ocrx_word' id='word_1_165' title='bbox 989 3401 1073 3470; x_wconf 90' lang='lat' dir='ltr'>ideo</span> <span class='ocrx_word' id='word_1_166' title='bbox 1089 3402 1253 3492; x_wconf 89' lang='lat' dir='ltr'>primum</span> <span class='ocrx_word' id='word_1_167' title='bbox 1270 3423 1379 3491; x_wconf 85' lang='lat' dir='ltr'>expo·</span> <span class='ocrx_word' id='word_1_168' title='bbox 1449 3430 1452 3447; x_wconf 75' lang='lat'><strong>¹</strong></span> 
     </span>
     <span class='ocr_line' id='line_1_24' title="bbox 327 3529 1027 3618; baseline -0.003 -20"><span class='ocrx_word' id='word_1_169' title='bbox 327 3552 415 3598; x_wconf 87' lang='lat' dir='ltr'>narn</span> <span class='ocrx_word' id='word_1_170' title='bbox 435 3551 518 3618; x_wconf 89' lang='lat' dir='ltr'>quae</span> <span class='ocrx_word' id='word_1_171' title='bbox 538 3529 584 3597; x_wconf 89' lang='lat' dir='ltr'>de</span> <span class='ocrx_word' id='word_1_172' title='bbox 604 3530 673 3597; x_wconf 90' lang='lat' dir='ltr'>hac</span> <span class='ocrx_word' id='word_1_173' title='bbox 693 3550 732 3597; x_wconf 89' lang='lat' dir='ltr'>re</span> <span class='ocrx_word' id='word_1_174' title='bbox 753 3531 814 3597; x_wconf 91' lang='lat' dir='ltr'>alii</span> <span class='ocrx_word' id='word_1_175' title='bbox 835 3530 1027 3599; x_wconf 86' lang='lat' dir='ltr'>senserint.</span> 
     </span>
    </p>

    <p class='ocr_par' dir='ltr' id='par_1_7' title="bbox 326 3655 1379 4001">
     <span class='ocr_line' id='line_1_25' title="bbox 371 3655 1379 3746; baseline 0.003 -22"><span class='ocrx_word' id='word_1_176' title='bbox 371 3657 574 3724; x_wconf 84' lang='lat' dir='ltr'>Chiflletius</span> <span class='ocrx_word' id='word_1_177' title='bbox 593 3658 766 3745; x_wconf 93' lang='lat' dir='ltr'>opinatur</span> <span class='ocrx_word' id='word_1_178' title='bbox 785 3655 835 3746; x_wconf 85' lang='lat'>(2)</span> <span class='ocrx_word' id='word_1_179' title='bbox 854 3656 1041 3726; x_wconf 86' lang='lat' dir='ltr'>Victorem</span> <span class='ocrx_word' id='word_1_180' title='bbox 1062 3656 1199 3725; x_wconf 92' lang='lat' dir='ltr'>Uranio</span> <span class='ocrx_word' id='word_1_181' title='bbox 1221 3658 1379 3727; x_wconf 91' lang='lat' dir='ltr'>Zenonis</span> 
     </span>
     <span class='ocr_line' id='line_1_26' title="bbox 326 3781 1379 3874; baseline 0.004 -25"><span class='ocrx_word' id='word_1_182' title='bbox 326 3783 456 3871; x_wconf 83' lang='lat' dir='ltr'>legato,</span> <span class='ocrx_word' id='word_1_183' title='bbox 475 3803 560 3849; x_wconf 89' lang='lat' dir='ltr'>cum</span> <span class='ocrx_word' id='word_1_184' title='bbox 575 3781 635 3849; x_wconf 90' lang='lat' dir='ltr'>hic</span> <span class='ocrx_word' id='word_1_185' title='bbox 650 3781 786 3850; x_wconf 89' lang='lat' dir='ltr'>rediret</span> <span class='ocrx_word' id='word_1_186' title='bbox 801 3782 1174 3873; x_wconf 86' lang='lat' dir='ltr'>Constantinopolim,</span> <span class='ocrx_word' id='word_1_187' title='bbox 1188 3807 1227 3853; x_wconf 91' lang='lat' dir='ltr'>se</span> <span class='ocrx_word' id='word_1_188' title='bbox 1237 3786 1379 3874; x_wconf 82' lang='lat' dir='ltr'>junxis-</span> 
     </span>
     <span class='ocr_line' id='line_1_27' title="bbox 326 3909 1378 4001; baseline 0.001 -24"><span class='ocrx_word' id='word_1_189' title='bbox 326 3931 365 3977; x_wconf 88' lang='lat' dir='ltr'>se</span> <span class='ocrx_word' id='word_1_190' title='bbox 389 3915 425 3977; x_wconf 88' lang='lat' dir='ltr'>et</span> <span class='ocrx_word' id='word_1_191' title='bbox 449 3913 577 3998; x_wconf 90' lang='lat' dir='ltr'>postea</span> <span class='ocrx_word' id='word_1_192' title='bbox 602 3909 704 3977; x_wconf 92' lang='lat' dir='ltr'>illam</span> <span class='ocrx_word' id='word_1_193' title='bbox 733 3910 864 3978; x_wconf 92' lang='lat' dir='ltr'>urbem</span> <span class='ocrx_word' id='word_1_194' title='bbox 893 3910 1113 3996; x_wconf 76' lang='lat' dir='ltr'>incoluisse,</span> <span class='ocrx_word' id='word_1_195' title='bbox 1157 3933 1270 4000; x_wconf 90' lang='lat' dir='ltr'>quam</span> <span class='ocrx_word' id='word_1_196' title='bbox 1299 3913 1378 4001; x_wconf 92' lang='lat' dir='ltr'>opi-</span> 
     </span>
    </p>
   </div>
   <div class='ocr_carea' id='block_1_7' title="bbox 358 4200 858 4364">
    <p class='ocr_par' dir='ltr' id='par_1_8' title="bbox 358 4200 858 4364">
     <span class='ocr_line' id='line_1_28' title="bbox 358 4200 823 4286; baseline -0.002 -15"><span class='ocrx_word' id='word_1_197' title='bbox 358 4221 390 4284; x_wconf 78' lang='lat'>(1)</span> <span class='ocrx_word' id='word_1_198' title='bbox 409 4223 503 4271; x_wconf 81' lang='lat' dir='ltr'>Poetscb</span> <span class='ocrx_word' id='word_1_199' title='bbox 518 4221 600 4286; x_wconf 80' lang='lat' dir='ltr'>(opere</span> <span class='ocrx_word' id='word_1_200' title='bbox 617 4219 712 4284; x_wconf 80' lang='lat' dir='ltr'>citato),</span> <span class='ocrx_word' id='word_1_201' title='bbox 729 4236 755 4282; x_wconf 88' lang='lat' dir='ltr'>p.</span> <span class='ocrx_word' id='word_1_202' title='bbox 776 4223 802 4270; x_wconf 84' lang='grc'>3.</span> <span class='ocrx_word' id='word_1_203' title='bbox 818 4200 823 4211; x_wconf 49' lang='grc'><em>’</em></span> 
     </span>
     <span class='ocr_line' id='line_1_29' title="bbox 359 4297 858 4364; baseline 0.008 -18"><span class='ocrx_word' id='word_1_204' title='bbox 359 4299 391 4364; x_wconf 70' lang='lat'>(2)</span> <span class='ocrx_word' id='word_1_205' title='bbox 408 4297 503 4348; x_wconf 83' lang='lat' dir='ltr'>Patrol.</span> <span class='ocrx_word' id='word_1_206' title='bbox 523 4297 581 4354; x_wconf 67' lang='lat' dir='ltr'>lot,</span> <span class='ocrx_word' id='word_1_207' title='bbox 600 4302 620 4348; x_wconf 91' lang='lat' dir='ltr'>t.</span> <span class='ocrx_word' id='word_1_208' title='bbox 640 4297 716 4356; x_wconf 82' lang='lat' dir='ltr'>bVlll,</span> <span class='ocrx_word' id='word_1_209' title='bbox 733 4299 781 4348; x_wconf 90' lang='lat' dir='ltr'>col.</span> <span class='ocrx_word' id='word_1_210' title='bbox 802 4301 858 4350; x_wconf 72' lang='lat'>132.</span> 
     </span>
    </p>
   </div>
   <div class='ocr_carea' id='block_1_8' title="bbox 0 0 1582 5084">
    <p class='ocr_par' dir='ltr' id='par_1_9' title="bbox 0 0 1582 5084">
     <span class='ocr_line' id='line_1_30' title="bbox 0 0 1582 5084; baseline 0 0"><span class='ocrx_word' id='word_1_211' title='bbox 0 0 1582 5084; x_wconf 95' lang='lat' dir='ltr'> </span> 
     </span>
    </p>
   </div>
  </div>
 </body>
</html>
