3150 5196
650 559 811 618 ..27-

201 724 408 814 pendendae
430 747 540 794 causa
566 733 828 814 convenerant,
861 728 1001 818 aliquid
1031 730 1257 797 examinare-

201 859 271 922 tur.
297 853 473 938 Quinimo
501 856 721 924 christianos
743 857 923 925 tumultus
950 858 1061 926 fuisse
1088 863 1257 927 auctores

202 981 276 1069 regi
302 980 584 1049 insinuaverunt
610 982 674 1070 qui
703 1003 839 1050 novam
869 987 903 1051 et
924 989 1173 1072 opportunam
1194 1007 1257 1053 eos

200 1106 448 1197 persequendi
468 1110 703 1177 occasionem
721 1117 862 1195 nactus,
877 1110 1066 1179 decretum
1082 1111 1257 1181 adversus

202 1255 264 1301 eos
284 1235 532 1324 promulgavit
551 1234 612 1326 (1).
634 1236 853 1305 Declarabat
875 1261 950 1324 rex,
974 1260 1059 1306 cum
1086 1239 1256 1308 catholici

201 1356 373 1426 seditioni
386 1360 648 1428 tantummodo
660 1363 804 1447 intenti,
821 1363 1049 1452 colloquium
1063 1385 1148 1431 cum
1165 1366 1258 1454 epis-

202 1485 303 1572 copis
314 1485 450 1552 arianis
465 1485 772 1574 repudiavissent,
791 1488 860 1554 sibi
872 1490 1121 1556 necessarium
1136 1490 1258 1557 visum

202 1632 279 1678 esse
296 1611 334 1677 in
354 1633 417 1678 eos
432 1618 646 1701 retorquere
661 1613 757 1703 leges
774 1636 865 1703 quas
879 1616 969 1683 olim
981 1617 1126 1684 romani
1142 1617 1258 1706 impe-

201 1743 340 1806 ratores
360 1760 379 1805 a
396 1739 586 1807 catholicis
602 1739 745 1830 decepti
766 1747 800 1807 et
817 1741 978 1829 impulsi,
996 1747 1123 1809 contra
1143 1742 1258 1809 baere-

200 1868 292 1934 ticos
316 1867 490 1934 tulerant.
523 1866 650 1954 ltaque
672 1890 688 1932 «
711 1855 939 1935 omousianos
961 1867 1056 1958 1(2),
1080 1868 1254 1953 555155115,

201 1995 312 2062 555115
332 1995 436 2060 libris
456 1999 491 2061 et
510 1993 683 2062 facultate
700 1993 825 2062 divina
847 1996 1024 2063 sacrificia
1045 1995 1258 2063 celebrandi

201 2124 235 2185 et
262 2119 495 2207 baptismatis
529 2117 743 2185 conferendi
772 2118 909 2207 privari
931 2119 1097 2206 jubebat,
1116 2116 1257 2185 addens
1327 2169 1331 2179 1

200 2244 340 2312 1151111111
362 2265 491 2312 eorum
511 2245 550 2311 in
569 2249 761 2332 posterum
777 2244 901 2312 datam
921 2244 965 2311 iri
986 2244 1172 2311 licentiam
1188 2249 1257 2310 tes-

200 2370 314 2456 tandi,
346 2376 409 2438 aut
433 2392 545 2459 quam
569 2371 825 2459 jurisconsulti
845 2376 980 2439 vocant
1000 2369 1253 2456 donationem,

200 2502 262 2564 aut
291 2496 545 2564 haereditatem
572 2496 789 2585 accipiendi.
824 2495 932 2580 Quod
964 2497 993 2562 si
1023 2497 1105 2584 quis
1126 2497 1257 2585 quovis

201 2624 314 2693 modo
335 2624 604 2693 catholicorum
631 2626 817 2693 erroribus
837 2625 986 2708 faveret,
1016 2624 1058 2708 is,
1085 2646 1152 2712 pro
1180 2646 1256 2691 suae

199 2752 384 2842 dignitatis
396 2752 511 2842 gradu
522 2753 680 2842 pecunia
693 2753 942 2820 mulctaretur.
956 2752 1137 2840 Denique,
1156 2750 1257 2817 Aria-

198 2880 255 2946 nis
275 2880 423 2947 attribui
445 2881 706 2969 praescribebat
733 2879 890 2946 aedificia
910 2879 957 2946 ad
977 2880 1117 2948 cultum
1142 2902 1256 2949 reser-

198 3011 281 3072 vata
298 3026 502 3094 eorumque
516 3006 627 3088 bona,
646 3009 681 3071 et
693 3004 808 3070 multa
824 3005 895 3071 alia
909 3006 1043 3093 quibus
1059 3006 1117 3073 lex
1133 3007 1257 3073 catho-

198 3132 287 3200 licos
297 3132 447 3221 spoliari
462 3132 683 3200 decreverat.
698 3132 828 3199 Statim
837 3134 1131 3201 omniumoculis
1145 3156 1257 3224 appa-

198 3260 269 3326 ruit
285 3258 376 3348 quid
390 3281 455 3326 rex
470 3258 600 3327 avidus
616 3264 650 3326 et
666 3258 836 3344 erudelis,
856 3280 941 3326 cum
958 3260 1152 3349 episcopos
1168 3283 1254 3330 eon-

197 3392 370 3474 gregaret‚
397 3387 516 3454 facere
539 3387 608 3454 sibi
628 3388 893 3477 proposuisset.
913 3387 1008 3456 Nam
1026 3408 1111 3454 cum
1133 3388 1256 3457 adhuc

198 3513 250 3580 1111
271 3513 490 3603 Carthagine
510 3519 755 3597 versarentur,
780 3514 889 3601 jussit
910 3535 972 3581 eos
1000 3514 1206 3582 Hunericus
1236 3537 1255 3583 e

199 3640 372 3708 domibus
386 3642 426 3707 in
442 3642 576 3730 quibus
591 3641 753 3729 hospitio
775 3641 915 3729 excepti
933 3646 1047 3724 erant,
1059 3640 1206 3730 depelli,
1220 3648 1254 3709 et

199 3768 308 3835 simul
329 3769 381 3835 eis
404 3789 487 3856 quae
508 3789 633 3836 seeum
662 3769 871 3857 portabant,
895 3788 973 3836 sese
993 3768 1172 3836 vestiendi
1193 3776 1256 3837 aut

197 3895 281 3963 vitae
302 3894 552 3962 sustentandae
582 3917 703 3980 causa,
737 3894 918 3963 denudari
941 3918 948 3981 3
984 3897 1034 3963 115
1062 3897 1255 3985 episcopos

230 4217 262 4281 il)
281 4220 331 4265 Hoc
352 4219 477 4265 decretum
496 4217 545 4279 jam
570 4219 600 4265 ab
618 4217 722 4266 Honorio
738 4217 883 4277 imperatore
899 4224 983 4267 contra
999 4219 1136 4268 Donatistas
1153 4224 1176 4268 51
1195 4221 1255 4269 alios

198 4291 325 4339 haereticos
338 4293 588 4356 cratpromulgatum.
605 4290 673 4354 (Vide
690 4289 747 4339 Cori.
767 4289 973 4352 Theodosiuuum,
987 4294 1046 4356 llVl,
1064 4306 1087 4354 v,
1103 4294 1143 4355 21,
1160 4294 1252 4353 35111,

197 4364 236 4423 16,
252 4365 293 4413 52.
311 4393 340 4400 -
356 4366 415 4415 Vict¹
431 4367 494 4424 viu,
510 4368 551 4425 lll,
569 4365 650 4429 3-15.)

230 4442 261 4503 (¹2)
281 4442 321 4490 Sic
329 4443 513 4502 appellabantur
524 4443 564 4503 qui
578 4443 708 4492 eredebant
717 4443 827 4493 eamdem
837 4441 998 4494 Substantiam
1008 4440 1071 4492 Patri
1082 4444 1106 4492 et
1117 4441 1177 4493 Filio
1189 4455 1251 4493 esse.
