<?xml version="1.0" encoding="UTF-8"?>
<!DOCTYPE html PUBLIC "-//W3C//DTD XHTML 1.0 Transitional//EN"
    "http://www.w3.org/TR/xhtml1/DTD/xhtml1-transitional.dtd">
<html xmlns="http://www.w3.org/1999/xhtml" xml:lang="en" lang="en">
 <head>
  <title>
</title>
<meta http-equiv="Content-Type" content="text/html;charset=utf-8" />
  <meta name='ocr-system' content='tesseract 3.04.00' />
  <meta name='ocr-capabilities' content='ocr_page ocr_carea ocr_par ocr_line ocrx_word'/>
</head>
<body>
  <div class='ocr_page' id='page_1' title='image "./devictorisviten00ferrgoog_0190.png"; bbox 0 0 3142 5084; ppageno 0'>
   <div class='ocr_carea' id='block_1_1' title="bbox 706 454 885 518">
    <p class='ocr_par' dir='ltr' id='par_1_1' title="bbox 706 454 885 518">
     <span class='ocr_line' id='line_1_1' title="bbox 706 454 885 518; baseline 0.006 -1"><span class='ocrx_word' id='word_1_1' title='bbox 706 454 885 518; x_wconf 84' lang='lat'>-181-</span> 
     </span>
    </p>
   </div>
   <div class='ocr_carea' id='block_1_2' title="bbox 256 621 1317 2492">
    <p class='ocr_par' dir='ltr' id='par_1_2' title="bbox 256 621 1317 2492">
     <span class='ocr_line' id='line_1_2' title="bbox 265 621 1317 717; baseline 0.001 -24"><span class='ocrx_word' id='word_1_2' title='bbox 265 630 372 693; x_wconf 70' lang='lat' dir='ltr'>errat⁴</span> <span class='ocrx_word' id='word_1_3' title='bbox 391 621 525 693; x_wconf 85' lang='lat' dir='ltr'><strong>Nonne</strong></span> <span class='ocrx_word' id='word_1_4' title='bbox 538 624 628 693; x_wconf 92' lang='lat' dir='ltr'>olim</span> <span class='ocrx_word' id='word_1_5' title='bbox 645 625 845 694; x_wconf 89' lang='lat' dir='ltr'>catholicos</span> <span class='ocrx_word' id='word_1_6' title='bbox 860 626 923 715; x_wconf 92' lang='lat' dir='ltr'>qui</span> <span class='ocrx_word' id='word_1_7' title='bbox 934 631 1018 717; x_wconf 91' lang='lat' dir='ltr'>post</span> <span class='ocrx_word' id='word_1_8' title='bbox 1028 630 1207 717; x_wconf 58' lang='lat' dir='ltr'>captam‘a</span> <span class='ocrx_word' id='word_1_9' title='bbox 1224 624 1317 695; x_wconf 91' lang='lat' dir='ltr'>Gen-</span> 
     </span>
     <span class='ocr_line' id='line_1_3' title="bbox 262 748 1316 840; baseline 0.002 -24"><span class='ocrx_word' id='word_1_10' title='bbox 262 749 379 817; x_wconf 89' lang='lat' dir='ltr'>serico</span> <span class='ocrx_word' id='word_1_11' title='bbox 400 749 560 816; x_wconf 84' lang='lat' dir='ltr'><strong>Romam</strong></span> <span class='ocrx_word' id='word_1_12' title='bbox 580 748 723 838; x_wconf 90' lang='lat' dir='ltr'>(mense</span> <span class='ocrx_word' id='word_1_13' title='bbox 739 751 847 839; x_wconf 90' lang='lat' dir='ltr'>junio</span> <span class='ocrx_word' id='word_1_14' title='bbox 866 750 948 839; x_wconf 71' lang='lat'>455)</span> <span class='ocrx_word' id='word_1_15' title='bbox 966 750 1108 819; x_wconf 93' lang='lat' dir='ltr'>ltaliam</span> <span class='ocrx_word' id='word_1_16' title='bbox 1129 751 1316 840; x_wconf 82' lang='lat' dir='ltr'>fugiebant</span> 
     </span>
     <span class='ocr_line' id='line_1_4' title="bbox 260 876 1317 966; baseline 0.002 -22"><span class='ocrx_word' id='word_1_17' title='bbox 260 881 370 965; x_wconf 90' lang='lat' dir='ltr'>atque</span> <span class='ocrx_word' id='word_1_18' title='bbox 390 897 524 945; x_wconf 88' lang='lat' dir='ltr'>navem</span> <span class='ocrx_word' id='word_1_19' title='bbox 544 876 584 944; x_wconf 88' lang='lat' dir='ltr'>in</span> <span class='ocrx_word' id='word_1_20' title='bbox 598 876 759 945; x_wconf 87' lang='lat' dir='ltr'>Africam</span> <span class='ocrx_word' id='word_1_21' title='bbox 775 877 1022 966; x_wconf 77' lang='lat' dir='ltr'>appellebant,</span> <span class='ocrx_word' id='word_1_22' title='bbox 1044 877 1200 947; x_wconf 90' lang='lat' dir='ltr'>Vandali</span> <span class='ocrx_word' id='word_1_23' title='bbox 1216 878 1317 946; x_wconf 90' lang='lat' dir='ltr'>Mau-</span> 
     </span>
     <span class='ocr_line' id='line_1_5' title="bbox 261 1003 1316 1095; baseline 0.003 -25"><span class='ocrx_word' id='word_1_24' title='bbox 261 1004 311 1070; x_wconf 90' lang='lat' dir='ltr'>ris</span> <span class='ocrx_word' id='word_1_25' title='bbox 330 1008 370 1072; x_wconf 93' lang='lat' dir='ltr'>ut</span> <span class='ocrx_word' id='word_1_26' title='bbox 389 1003 556 1093; x_wconf 80' lang='lat' dir='ltr'>praedam</span> <span class='ocrx_word' id='word_1_27' title='bbox 573 1004 776 1073; x_wconf 79' lang='lat' dir='ltr'>dederant‘l</span> <span class='ocrx_word' id='word_1_28' title='bbox 797 1005 905 1088; x_wconf 87' lang='lat' dir='ltr'>Quod</span> <span class='ocrx_word' id='word_1_29' title='bbox 924 1005 1128 1074; x_wconf 85' lang='lat' dir='ltr'>videndum</span> <span class='ocrx_word' id='word_1_30' title='bbox 1148 1012 1202 1074; x_wconf 92' lang='lat' dir='ltr'>est</span> <span class='ocrx_word' id='word_1_31' title='bbox 1217 1006 1316 1095; x_wconf 91' lang='lat' dir='ltr'>apud</span> 
     </span>
     <span class='ocr_line' id='line_1_6' title="bbox 260 1131 1316 1225; baseline 0.003 -26"><span class='ocrx_word' id='word_1_32' title='bbox 260 1131 447 1199; x_wconf 89' lang='lat' dir='ltr'>Victorem</span> <span class='ocrx_word' id='word_1_33' title='bbox 457 1132 499 1222; x_wconf 87' lang='lat' dir='ltr'>(l,</span> <span class='ocrx_word' id='word_1_34' title='bbox 517 1131 575 1221; x_wconf 86' lang='lat'>25)</span> <span class='ocrx_word' id='word_1_35' title='bbox 595 1155 601 1199; x_wconf 88' lang='lat'>:</span> <span class='ocrx_word' id='word_1_36' title='bbox 680 1132 766 1219; x_wconf 83' lang='lat' dir='ltr'>Quoe</span> <span class='ocrx_word' id='word_1_37' title='bbox 786 1133 873 1201; x_wconf 92' lang='lat' dir='ltr'>dam</span> <span class='ocrx_word' id='word_1_38' title='bbox 892 1134 1084 1203; x_wconf 89' lang='lat' dir='ltr'>multitudo</span> <span class='ocrx_word' id='word_1_39' title='bbox 1101 1135 1316 1225; x_wconf 85' lang='lat' dir='ltr'>captiuitatis</span> 
     </span>
     <span class='ocr_line' id='line_1_7' title="bbox 261 1259 1315 1350; baseline 0.004 -24"><span class='ocrx_word' id='word_1_40' title='bbox 261 1259 466 1348; x_wconf 76' lang='lat' dir='ltr'>africanum</span> <span class='ocrx_word' id='word_1_41' title='bbox 498 1260 687 1350; x_wconf 79' lang='lat' dir='ltr'>attingeret</span> <span class='ocrx_word' id='word_1_42' title='bbox 715 1261 823 1346; x_wconf 86' lang='lat' dir='ltr'>littus,</span> <span class='ocrx_word' id='word_1_43' title='bbox 860 1261 1055 1342; x_wconf 72' lang='lat' dir='ltr'>dividentes</span> <span class='ocrx_word' id='word_1_44' title='bbox 1094 1263 1246 1332; x_wconf 80' lang='lat' dir='ltr'>Vandali</span> <span class='ocrx_word' id='word_1_45' title='bbox 1282 1269 1315 1330; x_wconf 87' lang='lat' dir='ltr'>et</span> 
     </span>
     <span class='ocr_line' id='line_1_8' title="bbox 260 1386 1312 1481; baseline 0.005 -28"><span class='ocrx_word' id='word_1_46' title='bbox 260 1386 381 1454; x_wconf 87' lang='lat' dir='ltr'>Mauri</span> <span class='ocrx_word' id='word_1_47' title='bbox 401 1387 578 1476; x_wconf 76' lang='lat' dir='ltr'>urgentem</span> <span class='ocrx_word' id='word_1_48' title='bbox 594 1388 721 1477; x_wconf 91' lang='lat' dir='ltr'>populi</span> <span class='ocrx_word' id='word_1_49' title='bbox 741 1389 1018 1477; x_wconf 72' lang='lat' dir='ltr'>quantitatem...</span> <span class='ocrx_word' id='word_1_50' title='bbox 1041 1389 1140 1457; x_wconf 79' lang='lat' dir='ltr'>Alias</span> <span class='ocrx_word' id='word_1_51' title='bbox 1165 1391 1206 1480; x_wconf 89' lang='lat' dir='ltr'>(l,</span> <span class='ocrx_word' id='word_1_52' title='bbox 1225 1391 1283 1481; x_wconf 89' lang='lat'>35)</span> <span class='ocrx_word' id='word_1_53' title='bbox 1306 1416 1312 1459; x_wconf 90' lang='lat'>:</span> 
     </span>
     <span class='ocr_line' id='line_1_9' title="bbox 322 1512 1316 1604; baseline 0.004 -24.776"><span class='ocrx_word' id='word_1_54' title='bbox 322 1513 489 1581; x_wconf 86' lang='lat' dir='ltr'>Decerait</span> <span class='ocrx_word' id='word_1_55' title='bbox 515 1512 766 1602; x_wconf 88' lang='lat' dir='ltr'>(Gensericus)</span> <span class='ocrx_word' id='word_1_56' title='bbox 793 1514 938 1581; x_wconf 89' lang='lat' dir='ltr'>cuidam</span> <span class='ocrx_word' id='word_1_57' title='bbox 967 1515 1090 1604; x_wconf 74' lang='lat' dir='ltr'>geritili</span> <span class='ocrx_word' id='word_1_58' title='bbox 1115 1515 1316 1604; x_wconf 78' lang='lat' dir='ltr'>regilllaa-</span> 
     </span>
     <span class='ocr_line' id='line_1_10' title="bbox 259 1639 1316 1731; baseline 0.001 -23"><span class='ocrx_word' id='word_1_59' title='bbox 259 1661 385 1708; x_wconf 87' lang='lat' dir='ltr'>rorum</span> <span class='ocrx_word' id='word_1_60' title='bbox 405 1640 616 1730; x_wconf 78' lang='lat' dir='ltr'>relegandos</span> <span class='ocrx_word' id='word_1_61' title='bbox 637 1639 762 1715; x_wconf 81' lang='lat' dir='ltr'>debere</span> <span class='ocrx_word' id='word_1_62' title='bbox 782 1642 977 1709; x_wconf 76' lang='lat' dir='ltr'>transmitti</span> <span class='ocrx_word' id='word_1_63' title='bbox 992 1642 1049 1730; x_wconf 90' lang='lat' dir='ltr'>(ll,</span> <span class='ocrx_word' id='word_1_64' title='bbox 1065 1642 1147 1731; x_wconf 80' lang='lat'>38):</span> <span class='ocrx_word' id='word_1_65' title='bbox 1226 1643 1316 1712; x_wconf 88' lang='lat' dir='ltr'>Con-</span> 
     </span>
     <span class='ocr_line' id='line_1_11' title="bbox 260 1766 1313 1858; baseline 0.001 -23"><span class='ocrx_word' id='word_1_66' title='bbox 260 1773 461 1858; x_wconf 77' lang='lat' dir='ltr'>gregaatur</span> <span class='ocrx_word' id='word_1_67' title='bbox 488 1768 643 1835; x_wconf 85' lang='lat' dir='ltr'>universi</span> <span class='ocrx_word' id='word_1_68' title='bbox 669 1766 787 1857; x_wconf 71' lang='lat'>(4976)</span> <span class='ocrx_word' id='word_1_69' title='bbox 811 1768 975 1858; x_wconf 82' lang='lat' dir='ltr'>episcopi,</span> <span class='ocrx_word' id='word_1_70' title='bbox 998 1768 1208 1858; x_wconf 76' lang='lat' dir='ltr'>presbytcri,</span> <span class='ocrx_word' id='word_1_71' title='bbox 1235 1775 1313 1855; x_wconf 81' lang='lat' dir='ltr'>etc,</span> 
     </span>
     <span class='ocr_line' id='line_1_12' title="bbox 262 1895 1317 1980; baseline -0.002 -16"><span class='ocrx_word' id='word_1_72' title='bbox 262 1895 298 1964; x_wconf 86' lang='lat' dir='ltr'>in</span> <span class='ocrx_word' id='word_1_73' title='bbox 320 1896 514 1964; x_wconf 84' lang='lat' dir='ltr'>Siccensem</span> <span class='ocrx_word' id='word_1_74' title='bbox 535 1901 567 1962; x_wconf 87' lang='lat' dir='ltr'>ct</span> <span class='ocrx_word' id='word_1_75' title='bbox 586 1897 777 1963; x_wconf 76' lang='lat' dir='ltr'>barensem</span> <span class='ocrx_word' id='word_1_76' title='bbox 798 1896 966 1980; x_wconf 83' lang='lat' dir='ltr'>civitates,</span> <span class='ocrx_word' id='word_1_77' title='bbox 983 1902 1020 1964; x_wconf 94' lang='lat' dir='ltr'>ut</span> <span class='ocrx_word' id='word_1_78' title='bbox 1036 1897 1317 1964; x_wconf 86' lang='lat' dir='ltr'>illacoccurrca-</span> 
     </span>
     <span class='ocr_line' id='line_1_13' title="bbox 261 2022 1316 2111; baseline 0.001 -22"><span class='ocrx_word' id='word_1_79' title='bbox 261 2026 308 2089; x_wconf 85' lang='lat' dir='ltr'>tes</span> <span class='ocrx_word' id='word_1_80' title='bbox 328 2022 449 2090; x_wconf 86' lang='lat' dir='ltr'>Mauri</span> <span class='ocrx_word' id='word_1_81' title='bbox 463 2022 531 2089; x_wconf 86' lang='lat' dir='ltr'>sibi</span> <span class='ocrx_word' id='word_1_82' title='bbox 547 2022 697 2089; x_wconf 90' lang='lat' dir='ltr'>traditos</span> <span class='ocrx_word' id='word_1_83' title='bbox 718 2022 766 2090; x_wconf 92' lang='lat' dir='ltr'>ad</span> <span class='ocrx_word' id='word_1_84' title='bbox 781 2043 938 2089; x_wconf 74' lang='lat' dir='ltr'>cr’ernam</span> <span class='ocrx_word' id='word_1_85' title='bbox 950 2023 1211 2111; x_wconf 76' lang='lat' dir='ltr'>perduxissent.</span> <span class='ocrx_word' id='word_1_86' title='bbox 1228 2022 1316 2090; x_wconf 89' lang='lat' dir='ltr'>Pro-</span> 
     </span>
     <span class='ocr_line' id='line_1_14' title="bbox 256 2147 1311 2234; baseline 0.004 -20"><span class='ocrx_word' id='word_1_87' title='bbox 256 2148 352 2216; x_wconf 89' lang='lat' dir='ltr'>fecto</span> <span class='ocrx_word' id='word_1_88' title='bbox 372 2147 526 2216; x_wconf 87' lang='lat' dir='ltr'>Vandali</span> <span class='ocrx_word' id='word_1_89' title='bbox 544 2148 759 2216; x_wconf 89' lang='lat' dir='ltr'>Maurorum</span> <span class='ocrx_word' id='word_1_90' title='bbox 779 2150 1021 2234; x_wconf 68' lang='lat' dir='ltr'>incursiones</span> <span class='ocrx_word' id='word_1_91' title='bbox 1039 2150 1097 2219; x_wconf 89' lang='lat' dir='ltr'>vel</span> <span class='ocrx_word' id='word_1_92' title='bbox 1114 2147 1311 2218; x_wconf 90' lang='lat' dir='ltr'>Genserico</span> 
     </span>
     <span class='ocr_line' id='line_1_15' title="bbox 258 2276 1314 2365; baseline 0.004 -24"><span class='ocrx_word' id='word_1_93' title='bbox 258 2281 445 2364; x_wconf 82' lang='lat' dir='ltr'>regnante,</span> <span class='ocrx_word' id='word_1_94' title='bbox 468 2297 615 2364; x_wconf 90' lang='lat' dir='ltr'>semper</span> <span class='ocrx_word' id='word_1_95' title='bbox 635 2276 978 2365; x_wconf 77' lang='lat' dir='ltr'>reformidaverant3</span> <span class='ocrx_word' id='word_1_96' title='bbox 1000 2277 1139 2345; x_wconf 87' lang='lat' dir='ltr'>idcirco</span> <span class='ocrx_word' id='word_1_97' title='bbox 1156 2299 1219 2345; x_wconf 89' lang='lat' dir='ltr'>eos</span> <span class='ocrx_word' id='word_1_98' title='bbox 1240 2282 1314 2345; x_wconf 90' lang='lat' dir='ltr'>uta</span> 
     </span>
     <span class='ocr_line' id='line_1_16' title="bbox 258 2402 1315 2492; baseline 0.004 -24"><span class='ocrx_word' id='word_1_99' title='bbox 258 2403 333 2469; x_wconf 94' lang='lat' dir='ltr'>suis</span> <span class='ocrx_word' id='word_1_100' title='bbox 348 2402 484 2470; x_wconf 88' lang='lat' dir='ltr'>finibus</span> <span class='ocrx_word' id='word_1_101' title='bbox 503 2403 755 2490; x_wconf 90' lang='lat' dir='ltr'>prohiberent,</span> <span class='ocrx_word' id='word_1_102' title='bbox 775 2403 984 2471; x_wconf 87' lang='lat' dir='ltr'>christianis</span> <span class='ocrx_word' id='word_1_103' title='bbox 1002 2426 1206 2492; x_wconf 90' lang='lat' dir='ltr'>eorumque</span> <span class='ocrx_word' id='word_1_104' title='bbox 1222 2403 1315 2472; x_wconf 89' lang='lat' dir='ltr'>divi-</span> 
     </span>
    </p>
   </div>
   <div class='ocr_carea' id='block_1_3' title="bbox 257 2529 1315 2745">
    <p class='ocr_par' dir='ltr' id='par_1_3' title="bbox 257 2529 1315 2745">
     <span class='ocr_line' id='line_1_17' title="bbox 257 2529 1314 2619; baseline 0.005 -24"><span class='ocrx_word' id='word_1_105' title='bbox 257 2529 330 2614; x_wconf 78' lang='lat' dir='ltr'>tiis,</span> <span class='ocrx_word' id='word_1_106' title='bbox 353 2535 392 2597; x_wconf 90' lang='lat' dir='ltr'>ut</span> <span class='ocrx_word' id='word_1_107' title='bbox 411 2529 549 2619; x_wconf 83' lang='lat' dir='ltr'>praeda,</span> <span class='ocrx_word' id='word_1_108' title='bbox 569 2530 769 2598; x_wconf 90' lang='lat' dir='ltr'>donabant.</span> <span class='ocrx_word' id='word_1_109' title='bbox 788 2531 995 2600; x_wconf 91' lang='lat' dir='ltr'>Verisimile</span> <span class='ocrx_word' id='word_1_110' title='bbox 1015 2537 1068 2599; x_wconf 86' lang='lat' dir='ltr'>est</span> <span class='ocrx_word' id='word_1_111' title='bbox 1091 2533 1314 2601; x_wconf 89' lang='lat' dir='ltr'>monasteria</span> 
     </span>
     <span class='ocr_line' id='line_1_18' title="bbox 259 2652 1315 2745; baseline 0.003 -25"><span class='ocrx_word' id='word_1_112' title='bbox 259 2653 368 2720; x_wconf 88' lang='lat' dir='ltr'>etiam</span> <span class='ocrx_word' id='word_1_113' title='bbox 387 2652 486 2721; x_wconf 91' lang='lat' dir='ltr'>dono</span> <span class='ocrx_word' id='word_1_114' title='bbox 504 2653 589 2721; x_wconf 93' lang='lat' dir='ltr'>data</span> <span class='ocrx_word' id='word_1_115' title='bbox 604 2654 728 2739; x_wconf 89' lang='lat' dir='ltr'>fuisse,</span> <span class='ocrx_word' id='word_1_116' title='bbox 745 2677 841 2744; x_wconf 91' lang='lat' dir='ltr'>quae,</span> <span class='ocrx_word' id='word_1_117' title='bbox 856 2657 1053 2745; x_wconf 90' lang='lat' dir='ltr'>principio,</span> <span class='ocrx_word' id='word_1_118' title='bbox 1072 2657 1261 2723; x_wconf 91' lang='lat' dir='ltr'>christiani</span> <span class='ocrx_word' id='word_1_119' title='bbox 1276 2657 1315 2723; x_wconf 92' lang='lat' dir='ltr'>in</span> 
     </span>
    </p>
   </div>
   <div class='ocr_carea' id='block_1_4' title="bbox 259 2778 1315 2997">
    <p class='ocr_par' dir='ltr' id='par_1_4' title="bbox 259 2778 1315 2997">
     <span class='ocr_line' id='line_1_19' title="bbox 261 2778 1315 2872; baseline 0.003 -26"><span class='ocrx_word' id='word_1_120' title='bbox 261 2778 414 2847; x_wconf 90' lang='lat' dir='ltr'>desertis</span> <span class='ocrx_word' id='word_1_121' title='bbox 425 2781 649 2868; x_wconf 88' lang='lat' dir='ltr'>regionibus,</span> <span class='ocrx_word' id='word_1_122' title='bbox 661 2803 728 2849; x_wconf 90' lang='lat' dir='ltr'>nec</span> <span class='ocrx_word' id='word_1_123' title='bbox 738 2781 1101 2871; x_wconf 87' lang='lat' dir='ltr'>longeaMaurorum</span> <span class='ocrx_word' id='word_1_124' title='bbox 1111 2789 1217 2872; x_wconf 84' lang='lat' dir='ltr'>gente</span> <span class='ocrx_word' id='word_1_125' title='bbox 1229 2782 1315 2850; x_wconf 91' lang='lat' dir='ltr'>aedi-</span> 
     </span>
     <span class='ocr_line' id='line_1_20' title="bbox 259 2889 1314 2997; baseline 0.004 -25"><span class='ocrx_word' id='word_1_126' title='bbox 259 2906 487 2990; x_wconf 74' lang='lat' dir='ltr'>ficaverunt,</span> <span class='ocrx_word' id='word_1_127' title='bbox 522 2927 606 2994; x_wconf 90' lang='lat' dir='ltr'>quae</span> <span class='ocrx_word' id='word_1_128' title='bbox 634 2906 770 2974; x_wconf 89' lang='lat' dir='ltr'>Mauris</span> <span class='ocrx_word' id='word_1_129' title='bbox 801 2907 879 2975; x_wconf 89' lang='lat' dir='ltr'>dari</span> <span class='ocrx_word' id='word_1_130' title='bbox 904 2909 1057 2997; x_wconf 89' lang='lat' dir='ltr'>jussisse</span> <span class='ocrx_word' id='word_1_131' title='bbox 1086 2889 1314 2976; x_wconf 87' lang='lat' dir='ltr'>Hunericum</span> 
     </span>
    </p>
   </div>
   <div class='ocr_carea' id='block_1_5' title="bbox 255 3032 1398 4393">
    <p class='ocr_par' dir='ltr' id='par_1_5' title="bbox 257 3032 1314 3606">
     <span class='ocr_line' id='line_1_21' title="bbox 259 3032 1314 3124; baseline 0.004 -25"><span class='ocrx_word' id='word_1_132' title='bbox 259 3033 365 3100; x_wconf 88' lang='lat' dir='ltr'>facile</span> <span class='ocrx_word' id='word_1_133' title='bbox 380 3032 554 3110; x_wconf 82' lang='lat' dir='ltr'>fatebitur</span> <span class='ocrx_word' id='word_1_134' title='bbox 569 3034 736 3122; x_wconf 91' lang='lat' dir='ltr'>quisquis</span> <span class='ocrx_word' id='word_1_135' title='bbox 756 3035 795 3101; x_wconf 93' lang='lat' dir='ltr'>in</span> <span class='ocrx_word' id='word_1_136' title='bbox 814 3035 1067 3103; x_wconf 87' lang='lat' dir='ltr'>Vandalorum</span> <span class='ocrx_word' id='word_1_137' title='bbox 1082 3037 1191 3104; x_wconf 93' lang='lat' dir='ltr'>rebus</span> <span class='ocrx_word' id='word_1_138' title='bbox 1206 3038 1314 3124; x_wconf 87' lang='lat' dir='ltr'>gestis</span> 
     </span>
     <span class='ocr_line' id='line_1_22' title="bbox 257 3160 1313 3251; baseline 0.003 -24"><span class='ocrx_word' id='word_1_139' title='bbox 257 3160 383 3249; x_wconf 89' lang='lat' dir='ltr'>legerit</span> <span class='ocrx_word' id='word_1_140' title='bbox 404 3181 479 3245; x_wconf 79' lang='lat' dir='ltr'>eOS,</span> <span class='ocrx_word' id='word_1_141' title='bbox 501 3160 624 3228; x_wconf 92' lang='lat' dir='ltr'>fractis</span> <span class='ocrx_word' id='word_1_142' title='bbox 644 3161 817 3229; x_wconf 79' lang='lat' dir='ltr'>Afrorum</span> <span class='ocrx_word' id='word_1_143' title='bbox 837 3164 1055 3251; x_wconf 82' lang='lat' dir='ltr'>contagione</span> <span class='ocrx_word' id='word_1_144' title='bbox 1074 3164 1226 3247; x_wconf 64' lang='lat' dir='ltr'>viribus</span> <span class='ocrx_word' id='word_1_145' title='bbox 1250 3162 1313 3230; x_wconf 91' lang='lat' dir='ltr'>de-</span> 
     </span>
     <span class='ocr_line' id='line_1_23' title="bbox 257 3286 1313 3376; baseline 0.002 -23"><span class='ocrx_word' id='word_1_146' title='bbox 257 3286 400 3353; x_wconf 92' lang='lat' dir='ltr'>bilitato</span> <span class='ocrx_word' id='word_1_147' title='bbox 428 3291 462 3353; x_wconf 90' lang='lat' dir='ltr'>et</span> <span class='ocrx_word' id='word_1_148' title='bbox 482 3287 700 3354; x_wconf 86' lang='lat' dir='ltr'>labefactata</span> <span class='ocrx_word' id='word_1_149' title='bbox 721 3287 895 3355; x_wconf 89' lang='lat' dir='ltr'>Hunerici</span> <span class='ocrx_word' id='word_1_150' title='bbox 921 3307 1045 3375; x_wconf 89' lang='lat' dir='ltr'>regna,</span> <span class='ocrx_word' id='word_1_151' title='bbox 1077 3310 1313 3376; x_wconf 90' lang='lat' dir='ltr'>summopere</span> 
     </span>
     <span class='ocr_line' id='line_1_24' title="bbox 258 3413 1313 3482; baseline 0.002 -2"><span class='ocrx_word' id='word_1_152' title='bbox 258 3413 510 3481; x_wconf 91' lang='lat' dir='ltr'>turbulentam</span> <span class='ocrx_word' id='word_1_153' title='bbox 539 3419 573 3481; x_wconf 93' lang='lat' dir='ltr'>et</span> <span class='ocrx_word' id='word_1_154' title='bbox 597 3414 783 3481; x_wconf 89' lang='lat' dir='ltr'>minacem</span> <span class='ocrx_word' id='word_1_155' title='bbox 802 3414 1016 3482; x_wconf 89' lang='lat' dir='ltr'>Maurorum</span> <span class='ocrx_word' id='word_1_156' title='bbox 1037 3414 1313 3482; x_wconf 90' lang='lat' dir='ltr'>multitudinem</span> 
     </span>
     <span class='ocr_line' id='line_1_25' title="bbox 259 3539 459 3606; baseline 0.005 -1"><span class='ocrx_word' id='word_1_157' title='bbox 259 3539 459 3606; x_wconf 87' lang='lat' dir='ltr'>horruisse.</span> 
     </span>
    </p>

    <p class='ocr_par' dir='ltr' id='par_1_6' title="bbox 255 3664 1398 4261">
     <span class='ocr_line' id='line_1_26' title="bbox 301 3664 1314 3756; baseline 0.004 -26"><span class='ocrx_word' id='word_1_158' title='bbox 301 3664 502 3733; x_wconf 92' lang='lat' dir='ltr'>Historiam</span> <span class='ocrx_word' id='word_1_159' title='bbox 521 3667 630 3755; x_wconf 91' lang='lat' dir='ltr'>igitur</span> <span class='ocrx_word' id='word_1_160' title='bbox 645 3666 870 3735; x_wconf 87' lang='lat' dir='ltr'>adulterasse</span> <span class='ocrx_word' id='word_1_161' title='bbox 890 3668 1053 3756; x_wconf 88' lang='lat' dir='ltr'>arguitur</span> <span class='ocrx_word' id='word_1_162' title='bbox 1072 3668 1314 3736; x_wconf 88' lang='lat' dir='ltr'>aPetscheni-</span> 
     </span>
     <span class='ocr_line' id='line_1_27' title="bbox 255 3792 1314 3885; baseline 0.005 -28"><span class='ocrx_word' id='word_1_163' title='bbox 255 3792 313 3879; x_wconf 94' lang='lat' dir='ltr'>gio</span> <span class='ocrx_word' id='word_1_164' title='bbox 334 3792 522 3860; x_wconf 91' lang='lat' dir='ltr'>Passionis</span> <span class='ocrx_word' id='word_1_165' title='bbox 541 3799 680 3876; x_wconf 88' lang='lat' dir='ltr'>auctor,</span> <span class='ocrx_word' id='word_1_166' title='bbox 703 3794 909 3882; x_wconf 88' lang='lat' dir='ltr'>praesertim</span> <span class='ocrx_word' id='word_1_167' title='bbox 929 3795 967 3860; x_wconf 91' lang='lat' dir='ltr'>in</span> <span class='ocrx_word' id='word_1_168' title='bbox 987 3795 1077 3862; x_wconf 88' lang='lat' dir='ltr'>locis</span> <span class='ocrx_word' id='word_1_169' title='bbox 1098 3796 1160 3862; x_wconf 93' lang='lat' dir='ltr'>ubi</span> <span class='ocrx_word' id='word_1_170' title='bbox 1181 3795 1314 3885; x_wconf 86' lang='lat' dir='ltr'>Marty-</span> 
     </span>
     <span class='ocr_line' id='line_1_28' title="bbox 257 3919 1398 4006; baseline 0.004 -22"><span class='ocrx_word' id='word_1_171' title='bbox 257 3939 341 3984; x_wconf 90' lang='lat' dir='ltr'>rum</span> <span class='ocrx_word' id='word_1_172' title='bbox 368 3919 593 4006; x_wconf 92' lang='lat' dir='ltr'>supplicium</span> <span class='ocrx_word' id='word_1_173' title='bbox 622 3925 657 3987; x_wconf 89' lang='lat' dir='ltr'>et</span> <span class='ocrx_word' id='word_1_174' title='bbox 675 3920 805 3988; x_wconf 90' lang='lat' dir='ltr'>funera</span> <span class='ocrx_word' id='word_1_175' title='bbox 835 3920 1124 4005; x_wconf 75' lang='lat' dir='ltr'>describuntur,</span> <span class='ocrx_word' id='word_1_176' title='bbox 1151 3921 1250 3989; x_wconf 91' lang='lat' dir='ltr'>unde</span> <span class='ocrx_word' id='word_1_177' title='bbox 1275 3923 1310 3988; x_wconf 91' lang='lat' dir='ltr'>in</span> <span class='ocrx_word' id='word_1_178' title='bbox 1394 3928 1398 3935; x_wconf 90' lang='lat'>&#39;</span> 
     </span>
     <span class='ocr_line' id='line_1_29' title="bbox 256 4045 1312 4137; baseline 0.004 -27"><span class='ocrx_word' id='word_1_179' title='bbox 256 4064 335 4111; x_wconf 92' lang='lat' dir='ltr'>rem</span> <span class='ocrx_word' id='word_1_180' title='bbox 359 4066 464 4112; x_wconf 93' lang='lat' dir='ltr'>suam</span> <span class='ocrx_word' id='word_1_181' title='bbox 489 4045 765 4136; x_wconf 90' lang='lat' dir='ltr'>Petschenigius</span> <span class='ocrx_word' id='word_1_182' title='bbox 791 4049 972 4137; x_wconf 91' lang='lat' dir='ltr'>congessit</span> <span class='ocrx_word' id='word_1_183' title='bbox 993 4054 1209 4137; x_wconf 89' lang='lat' dir='ltr'>argumenta</span> <span class='ocrx_word' id='word_1_184' title='bbox 1229 4070 1312 4136; x_wconf 86' lang='lat' dir='ltr'>qaae</span> 
     </span>
     <span class='ocr_line' id='line_1_30' title="bbox 261 4172 767 4261; baseline 0.006 -22"><span class='ocrx_word' id='word_1_185' title='bbox 261 4172 368 4240; x_wconf 86' lang='lat' dir='ltr'>facilc</span> <span class='ocrx_word' id='word_1_186' title='bbox 388 4173 504 4241; x_wconf 87' lang='lat' dir='ltr'>refelli</span> <span class='ocrx_word' id='word_1_187' title='bbox 519 4195 628 4261; x_wconf 91' lang='lat' dir='ltr'>posse</span> <span class='ocrx_word' id='word_1_188' title='bbox 644 4174 767 4243; x_wconf 84' lang='lat' dir='ltr'>credo.</span> 
     </span>
    </p>

    <p class='ocr_par' dir='ltr' id='par_1_7' title="bbox 304 4300 1311 4393">
     <span class='ocr_line' id='line_1_31' title="bbox 304 4300 1311 4393; baseline 0.001 -24"><span class='ocrx_word' id='word_1_189' title='bbox 304 4300 436 4369; x_wconf 87' lang='lat' dir='ltr'>Narrat</span> <span class='ocrx_word' id='word_1_190' title='bbox 468 4300 593 4371; x_wconf 88' lang='lat' dir='ltr'>Victor</span> <span class='ocrx_word' id='word_1_191' title='bbox 626 4300 855 4393; x_wconf 83' lang='lat' dir='ltr'>Carthaginis</span> <span class='ocrx_word' id='word_1_192' title='bbox 888 4303 1029 4372; x_wconf 88' lang='lat' dir='ltr'>olerum</span> <span class='ocrx_word' id='word_1_193' title='bbox 1066 4303 1106 4369; x_wconf 92' lang='lat' dir='ltr'>in</span> <span class='ocrx_word' id='word_1_194' title='bbox 1144 4301 1311 4371; x_wconf 82' lang='lat' dir='ltr'>exsilium</span> 
     </span>
    </p>
   </div>
   <div class='ocr_carea' id='block_1_6' title="bbox 0 0 1576 5084">
    <p class='ocr_par' dir='ltr' id='par_1_8' title="bbox 0 0 1576 5084">
     <span class='ocr_line' id='line_1_32' title="bbox 0 0 1576 5084; baseline 0 0"><span class='ocrx_word' id='word_1_195' title='bbox 0 0 1576 5084; x_wconf 95' lang='lat' dir='ltr'> </span> 
     </span>
    </p>
   </div>
  </div>
 </body>
</html>
