3142 5084
823 300 835 333 t

697 437 876 515 ..141-

256 605 450 689 affirmabat
462 605 533 686 (ΙΙΙ,
550 607 592 683 2).
663 605 794 684 Jurate,
811 603 840 666 si
862 603 1004 667 Hildirit
1025 601 1217 665 desideratis
1235 620 1308 665 esse

256 715 383 780 regern,
400 698 454 761 vel
471 697 500 760 si
516 697 636 760 nullus
646 703 802 761 vestrum
816 696 1021 779 ...epistulas
1031 695 1151 777 diriget
1161 694 1231 774 (ΙΙΙ,
1243 695 1306 771 19).

311 786 418 865 Quasi
434 788 556 850 ualeret
569 786 819 851 conscientiam
834 786 940 868 ligare
1019 792 1080 848 aut
1101 805 1172 848 non
1196 785 1312 848 aderat

257 881 316 964 qui
341 881 438 944 audit
450 881 600 964 gemitus
615 881 893 965 compeditorum
907 879 977 960 (ΙΙΙ,
992 881 1056 958 46).
1073 917 1113 926 -
1124 880 1173 945 Cf.
1191 879 1307 963 Optat.

256 975 371 1040 Milev.
393 997 398 1037 :
416 975 520 1039 dicite
529 975 644 1058 qualis
657 980 702 1037 est
716 975 782 1037 ista
799 994 907 1054 mens,
918 993 1024 1056 quarn
1039 974 1138 1037 babet
1147 973 1308 1054 formam,

257 1074 316 1132 aut
331 1089 402 1153 quo
419 1069 455 1132 in
470 1069 559 1150 loco,
579 1068 615 1131 in
630 1068 773 1132 homine
787 1068 912 1132 habitet
927 1069 982 1148 (V,
998 1069 1042 1145 4).

303 1186 336 1275 c)
351 1186 575 1256 Indicativus
590 1192 674 1276 post
693 1208 774 1256 cum
795 1187 932 1255 causali
951 1210 957 1255 :

352 1311 440 1376 Cum
455 1333 538 1378 vero
554 1314 730 1397 ingenitus
747 1321 844 1398 pater
855 1315 897 1378 de
908 1334 943 1377 se
956 1313 1032 1398 ipso
1047 1313 1207 1377 fidelium
1218 1333 1312 1396 pene-

257 1407 354 1486 ruoit,
380 1414 525 1491 apparet
545 1427 615 1471 una
641 1428 713 1471 esse
737 1408 908 1490 gignentis
923 1407 1100 1490 genitique
1116 1406 1313 1470 substantia

258 1500 311 1578 (ΙΙ,
330 1503 391 1578 70).
459 1502 591 1565 Poteris
605 1509 638 1565 et
653 1502 726 1585 ipse
741 1502 805 1565 tibi
821 1509 996 1586 praestare,
1008 1523 1089 1566 cum
1105 1502 1179 1564 licet
1192 1502 1231 1582 (Ι,
1247 1504 1310 1578 31).

314 1593 417 1672 Quod
434 1595 480 1659 sit
498 1602 616 1659 autem
639 1596 857 1660 occultorum
874 1596 1042 1678 cognitor,
1060 1615 1101 1658 ex
1114 1597 1181 1658 hoc
1197 1595 1312 1658 mani-

257 1688 383 1751 festum
399 1697 461 1770 est,
477 1709 559 1753 oum
575 1689 726 1755 obscura
741 1690 887 1754 consilia
910 1690 1114 1755 ludaeorum
1128 1690 1313 1753 traducens

258 1782 386 1846 dicebat
400 1783 455 1864 (ΙΙ,
469 1785 532 1863 84).

303 1902 341 1993 d)
364 1902 587 1973 indicativus
613 1911 676 1973 aut
703 1905 957 1994 subjunctivus
981 1910 1064 1994 post
1093 1904 1312 1994 particulam

255 2030 299 2116 si,
322 2037 358 2101 et
375 2034 444 2101 nisi
462 2059 468 2104 :

300 2159 339 2228 Si
357 2179 442 2227 cum
462 2161 719 2249 subjunctivo:

297 2286 435 2367 Sicelis,
450 2289 571 2372 poteris
585 2289 624 2370 (Ι,
641 2292 704 2370 31),
723 2309 785 2373 pro
805 2313 810 2352 :
829 2289 865 2352 Si
880 2290 977 2369 uoles,
995 2291 1124 2373 poteris.

300 2406 398 2476 Si:
418 2430 521 2494 num,
544 2430 604 2494 an,
627 2431 712 2477 cum
732 2408 932 2478 indicativo
956 2435 962 2479 :

299 2574 332 2598 ›...
357 2535 477 2597 Jurate
499 2536 528 2598 si
551 2542 630 2619 post
649 2537 785 2599 obitum
812 2536 949 2599 domini
974 2537 1085 2600 nostri
1110 2536 1209 2619 regis,
1237 2537 1313 2620 ejus

257 2625 372 2689 filium
383 2627 576 2690 desideratis
584 2647 657 2692 esse
665 2648 826 2712 regem:
836 2649 923 2693 num
935 2635 1013 2712 post
1019 2628 1156 2693 obitum
1168 2630 1238 2709 (ΙΙΙ,
1248 2631 1311 2707 19).

312 2719 463 2785 Videant
477 2721 506 2783 si
520 2725 568 2784 est
579 2723 678 2786 dolor
694 2722 784 2786 sicut
801 2722 902 2787 dolor
918 2742 1018 2786 meus
1032 2750 1073 2779 =
1089 2743 1175 2786 num
1191 2723 1234 2786 sil
1248 2721 1312 2786 do-

256 2814 310 2878 lor
326 2815 394 2892 (Ps
414 2834 483 2895 xvi,
500 2817 529 2878 4.
550 2816 654 2896 Vict,
672 2808 729 2898 ΙΙΙ,
745 2819 809 2895 66).

302 2934 397 3004 Si:
413 2957 516 3020 num,
539 2957 598 3021 an,
622 2957 707 3005 cum
731 2938 965 3026 subjunctivo
989 2961 995 3005 :

365 3057 443 3136 Quo
473 3060 583 3142 possit
611 3061 762 3143 agnosci,
791 3061 819 3124 si
847 3062 1016 3143 integram
1046 3062 1151 3125 fidem
1181 3061 1316 3125 teneatis

258 3148 313 3228 (ΙΙ,
329 3151 392 3227 39).
453 3151 528 3214 Nisi
541 3172 561 3215 a
576 3159 695 3216 sancto
707 3153 862 3235 Eugenio
873 3153 1105 3233 rationabilis,
1120 3153 1149 3215 si
1162 3172 1221 3216 cor
1233 3153 1314 3216 bar-

258 3241 384 3306 barum
400 3244 596 3326 molliretur,
616 3247 829 3329 suggerenda
844 3247 984 3310 daretur
1000 3247 1053 3327 (ΙΙ,
1068 3248 1132 3324 40).

302 3363 340 3432 Si
353 3385 439 3432 cum
451 3365 685 3453 subjunctivo
697 3372 731 3433 et
742 3366 941 3435 indicativo
957 3366 1175 3434 insolentius
1186 3367 1315 3454 positis

258 3486 298 3553 in
318 3486 449 3556 eadem
468 3491 747 3578 propositione:

355 3614 493 3693 Quibus
513 3617 587 3681 haec
607 3617 779 3701 supplicia
795 3619 960 3702 proficere
979 3624 1130 3703 poterunt
1147 3620 1175 3683 si
1192 3621 1314 3683 catho-

259 3707 318 3771 lici
334 3709 473 3791 fuisseut
493 3717 526 3773 et
542 3711 623 3774 fidei
651 3731 722 3775 suae
742 3713 866 3776 merito
890 3713 954 3776 ista
976 3715 1157 3797 perferrent
1179 3714 1231 3792 (ΙΙ,
1251 3715 1312 3792 16).

313 3800 382 3878 Qui
402 3821 473 3865 esse
485 3803 644 3885 poteratis
667 3803 703 3865 in
726 3804 816 3885 regis
833 3810 1020 3887 conspectu
1037 3804 1270 3884 honorabiles,
1287 3805 1317 3866 si

259 3892 333 3976 ejus
347 3894 504 3976 festinetis
517 3895 628 3958 facere
643 3897 856 3960 voluntatem
874 3897 928 3977 (ΙΙ,
946 3897 1009 3972 28).
1078 3894 1267 3958 Vobiscum
1283 3898 1316 3956 et

259 4007 325 4051 nos
341 3988 462 4051 libebat
475 4007 625 4072 pergere,
642 3990 671 4052 si
687 3990 795 4053 liceret
808 3990 862 4071 (ΙΙ,
879 3991 943 4069 34).

306 4107 382 4178 Nisi
400 4133 410 4178 .·

361 4234 471 4298 Voluit
483 4234 691 4317 demergere,
708 4236 774 4299 nisi
787 4240 959 4319 rogaretur
973 4235 1011 4315 (Ι,
1030 4236 1090 4312 18).
1160 4233 1317 4296 Potuerut

263 4345 394 4411 rapere,
410 4328 477 4392 nisi
487 4329 674 4411 sepeliretur
685 4329 724 4412 (Ι,
742 4332 805 4410 27).
876 4330 1034 4409 Quorum
1051 4328 1190 4392 nullum
1206 4326 1315 4390 dimit·
