3142 5084
696 416 878 480 -135-

300 586 439 666 Quantis
448 585 687 650 sacerdotibus
697 604 801 649 onera
813 583 1056 669 imposuerint,
1070 602 1204 666 nequeo
1214 602 1310 646 enar-

257 699 333 742 rare
360 680 399 759 (Ι,
429 681 471 756 7).
577 677 716 756 Quantis
740 678 855 761 potuit
881 677 1027 742 vocibus
1055 677 1182 761 gratias
1205 695 1310 759 agens

257 769 327 849 (Ill,
352 770 415 846 24).
507 767 647 846 Quantis
672 769 746 851 jam
773 769 915 832 laminis
945 769 1064 852 ignitis
1090 769 1205 833 adusti
1229 775 1311 832 sunt

257 863 327 943 (ΙΙΙ,
345 865 409 941 28).
422 896 461 910 -
471 862 520 927 Cf.
533 862 664 943 Passio,
680 865 719 925 6:
740 861 864 940 Quanti
873 863 1010 926 nobiles
1018 869 1051 926 et
1063 863 1187 947 optimi
1201 862 1308 927 viri...

257 961 384 1019 terram
396 974 479 1019 cum
494 954 582 1019 coelo
595 961 910 1019 commutaverunt.
924 957 1061 1038 Vulgat.
1074 957 1227 1038 (Joann,
1240 976 1310 1038 xxi,

258 1049 308 1126 11)
324 1072 330 1111 z
348 1049 487 1111 Etcum
506 1047 590 1113 tanti
604 1053 729 1126 essent,
747 1065 819 1110 non
834 1053 884 1109 est
899 1047 1046 1110 scissum
1063 1053 1143 1110 rete.

300 1165 415 1233 Multa
442 1163 624 1253 ejusmodi
654 1165 823 1254 exempla
846 1165 1013 1233 invenies
1041 1165 1140 1254 apud
1168 1165 1311 1233 Tertul-

256 1293 411 1378 lianum,
432 1292 644 1382 Apuleium,
666 1292 949 1382 Hieronymum,
971 1293 1215 1378 Lactantium,
1237 1292 1312 1360 Au-

257 1420 391 1488 relium
410 1419 610 1504 Victorem,
625 1418 868 1505 Ferrandum,
887 1419 1055 1487 Cassium
1070 1420 1231 1488 Felicem
1245 1418 1308 1509 (1),

171 1543 193 1567 s
258 1553 341 1632 etc,
357 1547 493 1636 quibus
507 1551 660 1635 apparet
670 1546 733 1615 illa
745 1548 858 1616 verba
874 1547 1063 1636 aliquanti,
1078 1547 1180 1632 tanti,
1198 1568 1312 1637 quan-

257 1676 284 1744 ti
297 1673 524 1765 jampridem
544 1696 620 1742 non
640 1672 687 1742 ad
706 1696 831 1742 rerum
851 1674 1145 1763 magnitudinem
1160 1674 1224 1743 sed
1242 1680 1329 1742 nu-‘

256 1825 402 1872 merum
422 1801 705 1891 exprimendum
724 1807 899 1891 usurpata
918 1802 1030 1869 fuisse
1048 1824 1055 1888 3
1088 1802 1200 1891 quod,
1224 1822 1310 1869 cum

252 1930 332 2018 jam
352 1927 452 2019 apud
468 1929 640 1996 Plautum
659 1927 711 2018 (2)
726 1933 761 1995 et
776 1929 815 1995 in
825 1928 987 2017 ¹Vulgata
1003 1929 1218 2016 reperiatur,
1237 1948 1312 1995 cre·

257 2055 423 2125 dendum
443 2060 496 2124 est
516 2075 535 2121 e
554 2054 700 2143 plebeio
721 2074 892 2121 sermone
912 2055 1152 2122 emanavisse.

501 2289 730 2347 ARTIGULUS
752 2289 803 2346 lv,
825 2319 860 2330 —
879 2292 930 2346 De
950 2291 1072 2349 Verbo

301 2463 495 2553 Nusquam
514 2461 648 2530 melius
669 2481 782 2551 quam
801 2462 841 2529 in
859 2463 1059 2530 verborum
1086 2462 1229 2550 syntaxi
1249 2483 1313 2549 ap-

257 2596 363 2682 paret
382 2596 564 2681 quantum
583 2589 909 2679 grammaticorum
929 2590 1072 2679 regulas
1083 2589 1209 2658 Victor
1223 2589 1313 2676 reje-

257 2719 359 2804 cerit,
371 2723 555 2807 rectaeque
569 2717 992 2806 dicendiconsuetudini
1005 2717 1102 2806 vulgi
1117 2716 1312 2784 libidinem

257 2848 292 2912 et
323 2842 549 2931 imperitiam
568 2843 608 2908 in
638 2841 773 2931 linguae
804 2840 929 2908 latinae
949 2849 1018 2909 usu
1047 2841 1309 2929 anteposuerit.

254 2970 350 3041 Nam
365 2968 458 3037 nihil
473 2967 574 3036 aliud
589 2967 882 3037 animadvertere
899 2973 952 3036 est
968 2990 1080 3057 quam
1095 2969 1311 3035 inusitatam

256 3097 355 3186 apud
379 3097 498 3165 bonos
524 3101 692 3165 auctores
717 3097 917 3164 verborum
947 3095 1196 3185 quorumdam
1228 3115 1312 3183 syn-

256 3221 382 3306 taxim,
405 3220 578 3289 confusos
596 3220 692 3287 inter
710 3241 748 3287 se
768 3221 870 3289 verbi
886 3219 1031 3304 modos,
1049 3218 1200 3286 confusa
1217 3221 1310 3283 tern-

256 3367 359 3436 pora,
376 3346 653 3436 neglectamque
664 3352 875 3434 temporum
891 3347 1204 3427 consecutionem,
1228 3365 1312 3432 quae

258 3473 383 3541 omnia
403 3494 480 3540 non
506 3472 692 3540 labentem
712 3470 777 3540 sed
802 3471 945 3560 lapsam
965 3471 1184 3538 latinitatem
1204 3468 1312 3537 valde
1419 3505 1422 3508 ·

259 3603 487 3668 attestantur.

301 3763 316 3850 ἓ
342 3761 373 3831 1.
399 3801 444 3811 -
467 3782 514 3829 on
538 3780 800 3829 msonunrionu
824 3780 1048 3839 ouonununn
1068 3779 1261 3829 vunuonun

712 3885 861 3932 srnrniu

302 4014 519 4086 Notandum
534 4020 588 4082 est
608 4016 790 4103 imprimis
805 4016 960 4083 verbum
972 4014 1091 4103 facere
1110 4015 1215 4102 cujus
1230 4035 1312 4103 syn-

258 4143 385 4227 taxim,
404 4143 483 4211 sine
495 4141 623 4225 dubio,
640 4141 766 4210 Victor
780 4142 1109 4231 avulgarieloquio
1125 4146 1313 4209 mutuatus

290 4367 323 4433 (l)
337 4368 452 4418 Goelzer.
470 4365 576 4430 (latinii.
596 4366 624 4417 de
638 4365 664 4418 S¹
676 4364 783 4428 le'ro‘ma,
800 4380 828 4429 p.
847 4365 902 4427 414,
918 4365 985 4429 sq.).

290 4440 323 4508 (2)
341 4444 373 4496 K.
393 4441 472 4504 stat,
488 4455 516 4507 p.
536 4441 594 4494 119.
