3142 5084
696 419 875 487 -12'9-

254 602 470 659 remanerent
485 596 524 675 (Ι,
538 597 598 673 14).
612 593 714 678 Apud
724 594 890 659 Edessam
907 603 1104 660 commanet
1115 598 1309 681 peregrinus

255 688 294 769 (Ι,
311 690 374 765 29).
401 688 552 751 Callidus
573 689 707 751 occulte
723 688 929 772 praecipiens
953 690 992 769 (l,
1008 693 1070 767 47).
1097 690 1310 754 Hominibus

256 782 444 866 importuno
458 780 633 844 videretur
654 781 755 863 jungi
782 782 837 861 (ll,
855 783 919 859 30).
942 782 1060 864 ‘Pergit
1082 783 1230 866 festinus.
1257 783 1307 846 Gt.

253 876 379 955 Passio,
395 877 416 937 4
433 899 438 938 ;
457 874 711 939 Crudelissimus
728 876 936 959 imperavit;
956 879 976 940 9
1002 900 1008 939 :
1035 877 1162 941 Fuciliu
1177 878 1309 961 subpo·

254 975 376 1032 nerent
390 968 491 1032 colla.

423 1151 438 1239 ς
461 1152 493 1218 2.
520 1191 564 1200 -
587 1171 634 1218 ou
658 1169 944 1218 conrannrrorvrs
968 1171 1141 1219 ennomus

301 1314 370 1384 Vix
389 1315 454 1414 tibi
482 1314 783 1404 effingerepotes
808 1320 991 1403 quantum
1016 1316 1141 1384 Victor
1165 1336 1185 1382 a
1211 1321 1311 1382 recto

171 1443 179 1450 ’
259 1441 407 1511 dicendi
422 1461 566 1532 genere,
580 1443 619 1510 in
635 1441 885 1530 exprimendis
899 1444 1220 1532 comparationum
1235 1460 1313 1532 gra-

260 1548 381 1653 dibus,
404 1568 552 1638 recedat
570 1593 578 1656 3
607 1591 767 1658 quorum
786 1570 861 1637 fere
881 1570 983 1638 nulla
1003 1570 1102 1660 apud
1123 1592 1208 1639 eum
1228 1574 1313 1637 sunt

260 1695 485 1764 discrimina.
514 1696 669 1763 Ponitur
698 1697 797 1763 enim
829 1718 927 1785 saepe
954 1697 1225 1786 comparativus
1255 1696 1313 1765 vel

260 1823 503 1912 superlativus
537 1844 604 1911 pro
645 1823 821 1910 positivo.
862 1822 950 1891 Haec
983 1843 1095 1911 prava
1129 1821 1313 1890 scribendi

259 1950 501 2035 consuetudo,
538 1952 707 2039 quamvis
744 1950 1040 2040 frequentissime
1078 1948 1178 2038 apud
1208 1934 1314 2017 Afros

231 2072 579 2163 deprehendatur,
618 2076 758 2164 vulgari
785 2077 1043 2144 Romanorum
1081 2077 1230 2165 eloquio
1262 2081 1315 2143 est

260 2203 489 2291 imputanda.
520 2201 785 2271 Obsoleverant
812 2203 911 2293 apud
943 2205 1073 2293 vulgus
1102 2204 1315 2292 imperitum

263 2330 550 2417 comparationis
565 2328 711 2418 gradus,
730 2331 779 2397 ita
799 2337 838 2397 ut
859 2331 1099 2419 comparativi
1115 2336 1177 2398 aut
1192 2352 1316 2419 super-

261 2457 362 2526 lativi
388 2458 517 2529 formae
543 2479 640 2546 saepe
670 2480 738 2547 pro
764 2459 884 2526 forma
905 2460 1052 2547 positivi
1078 2459 1313 2526 haberentur.

263 2581 368 2650 Unde
388 2585 509 2652 evenit
531 2589 570 2651 ut
591 2585 787 2673 scriptores
808 2585 871 2673 qui
891 2585 1036 2672 plebeio
1058 2584 1205 2652 dicendi
1221 2585 1316 2652 mori

262 2712 514 2802 indulgebant,
543 2714 659 2803 inopis
687 2721 723 2810 ct
741 2715 847 2781 nimis
867 2721 901 2782 ct
921 2715 1003 2804 plrrs
1023 2721 1107 2782 ante
1127 2735 1318 2803 compara-

262 2842 379 2909 tivum
398 2841 456 2909 vel
481 2841 746 2930 superlativum
773 2847 954 2931 ponerent
980 2842 1106 2932 (nimis
1133 2871 1176 2900 =
1196 2841 1315 2925 valde,

262 2967 526 3057 vehementer).
539 2968 658 3036 Immo
675 2991 719 3037 ex
735 2970 822 3057 ipsis
839 2970 1098 3059 comparativis
1109 2975 1143 3037 et
1157 2970 1318 3058 superla-

262 3094 345 3162 tivis
365 3116 482 3163 novos
503 3096 791 3183 comparationis
811 3096 945 3185 gradus
963 3097 1185 3180 formabant,
1204 3101 1243 3162 ut
1259 3116 1317 3162 esc-

264 3222 424 3306 tremior,
437 3222 716 3290 extremissinrus
728 3244 811 3311 quae
825 3223 924 3312 apud
940 3223 1137 3312 Apuleium
1148 3222 1266 3312 (Apol.
1283 3221 1320 3310 9)

263 3346 445 3436 leguntur.

309 3468 450 3537 Harum
469 3492 594 3539 rerum
615 3472 783 3560 exempla
803 3471 934 3539 ordine
953 3472 1139 3560 proferam
1158 3494 1164 3538 :

303 3595 416 3660 Plaut.
442 3597 587 3682 (Amph,
613 3598 638 3678 Ι,
665 3602 693 3677 1,
721 3601 792 3675 145)
819 3623 824 3661 :
850 3600 958 3682 inopis
985 3599 1157 3680 majorem.
1181 3598 1318 3661 Terent.

264 3687 354 3765 (Hac.
372 3688 443 3766 738)
462 3712 467 3751 :
485 3691 593 3773 inopis
607 3690 745 3752 cautius,
767 3690 869 3771 Apul.
895 3689 1040 3767 (Melum.
1068 3690 1099 3767 9,
1118 3690 1170 3766 36)
1189 3710 1194 3750 :
1213 3689 1321 3769 mopis

263 3780 419 3844 iratiores.
430 3781 573 3844 Tertull.
586 3781 749 3865 (ileSpccl.
764 3784 814 3859 13)
829 3782 954 3865 :inopis
970 3781 1173 3864 urrpuslioru.
1188 3779 1317 3843 Arnob.

262 3872 300 3954 (1,
317 3876 369 3951 29)
387 3897 393 3939 :
411 3875 485 3956 quis
497 3876 605 3959 mopis
620 3876 737 3938 rectius
752 3875 836 3938 ieret
848 3874 1018 3938 invidiam
1031 3878 1045 3936 ‘l
1062 3874 1119 3954 lv,
1130 3876 1169 3935 30
1187 3896 1192 3935 :
1211 3872 1320 3956 mopis

265 3967 517 4050 ipnominiosius
541 3970 682 4032 tractari
707 3989 813 4051 quam
835 3989 854 4031 a
880 3969 992 4031 nobis.
1023 3966 1320 4043 Fe1·raudus(Vil.

263 4058 359 4141 Fulp.
377 4060 429 4136 43)
447 4082 452 4121 :
470 4061 579 4143 mopis
605 4060 826 4123 districtiores.
854 4060 1027 4143 Corippus
1049 4060 1096 4137 (in
1115 4058 1205 4120 laud.
1223 4059 1321 4139 Just,

262 4150 321 4231 1v,
340 4154 409 4228 129)
433 4173 438 4213 ;
459 4153 536 4236 plus
556 4153 735 4235 majestate
752 4153 903 4216 sedentis
923 4153 1071 4215 lucidior.
1097 4150 1225 4234 Sulpic.
1245 4151 1321 4223 Sev,

262 4245 355 4324 (Clrr.
372 4245 414 4326 ΙΙ,
431 4247 481 4326 46,
498 4250 530 4325 5)
551 4248 649 4330 :plus
667 4247 763 4330 justo
789 4248 945 4330 inflatior.
971 4248 1119 4311 Venaut.
1142 4247 1320 4309 Fortunat.

270 4339 323 4418 (de
345 4340 412 4403 vitu
438 4340 585 4420 Martini,
610 4342 635 4421 Ι,
652 4343 705 4420 55)
734 4365 739 4406 :
764 4344 841 4426 plus
863 4361 955 4424 aqua
978 4341 1142 4424 fripidior,
1162 4347 1239 4420 etc¹>
1258 4346 1321 4403 ctc.

1124 4460 1164 4520 ’10
