3142 5084
638 393 797 457 -21-

192 559 238 629 de
253 560 446 630 Pharaone
461 566 524 629 aut
540 559 778 650 Holoplrerne
793 561 904 629 verba
919 561 1101 645 fecissent,
1123 561 1240 650 quasi,

191 686 259 754 ista
290 686 443 754 nomina
471 686 510 753 in
539 685 704 755 medium
733 685 972 775 proferende,
1004 684 1243 755 Gensericum

191 815 314 902 ipsum
333 813 537 881 voluissent
556 813 759 903 designare.
787 814 840 882 Ita
868 835 934 902 per
957 813 1128 881 homines
1153 812 1244 902 quid

190 940 351 1008 facerent
366 935 575 1009 dicerentve
591 941 779 1009 christiani
799 941 977 1009 acerrime
997 941 1241 1030 explorantes

189 1067 443 1137 Vandalorum
463 1071 537 1158 regi
560 1068 716 1165 dabatur
734 1070 888 1138 facultas
910 1069 1103 1158 episcopos
1122 1090 1243 1158 perse-

109 1227 111 1230 >
191 1193 329 1285 quendi
349 1195 443 1263 etin
463 1194 631 1264 exsilium
652 1193 845 1280 mittendi3
871 1195 1090 1283 inquorum
1118 1195 1242 1262 locum

190 1322 314 1390 nullus
329 1322 423 1391 alius
437 1326 581 1411 poterat
592 1321 725 1389 suffici.
749 1320 819 1405 Sic,
842 1319 1098 1389 deficientibus
1118 1321 1243 1411 paula-

189 1448 255 1515 tim
279 1447 468 1533 ministris
493 1448 592 1514 viam
620 1431 807 1535 religionis
834 1445 1108 1536 exstinguendae
1139 1447 1242 1516 inve-

189 1575 287 1642 nisse
306 1575 459 1663 putabat
473 1573 535 1664 (1).

213 1700 418 1784 Attamen,
441 1701 536 1768 inter
555 1704 675 1769 tantas
700 1719 826 1767 rerum
850 1700 1047 1790 angustias,
1074 1699 1242 1769 christia-

190 1829 247 1895 nis
267 1849 350 1917 spes
369 1829 560 1917 inopinata
580 1828 757 1896 libertatis
777 1828 907 1895 illuxit.
929 1828 1038 1895 Anno
1058 1833 1142 1895 ante
1159 1848 1243 1915 eap-

189 1961 266 2024 tam
285 1976 306 2022 a
325 1954 501 2024 Vandalis
516 1955 674 2024 Romam
688 1955 796 2046 (455),
815 1953 1045 2040 Gensericus,
1068 1959 1242 2023 exorante

189 2082 447 2151 Valentiniano
472 2084 707 2171 imperatore,
735 2084 787 2151 eis
811 2083 998 2150 licentiam
1026 2081 1126 2150 dedit
1154 2082 1241 2149 novi

189 2212 352 2299 episcopi
363 2211 402 2278 in
418 2210 544 2279 sedem
556 2210 784 2301 Carthaginis
799 2210 1026 2279 restituendi.
1040 2210 1134 2278 Turn
1150 2210 1241 2278 elec-

188 2342 246 2406 tus
267 2342 321 2405 est
341 2337 566 2426 Deogratias,
586 2339 643 2405 vir
664 2359 738 2426 quo
759 2360 870 2406 nemo
895 2338 1047 2427 reperiri
1063 2325 1242 2425 potuisset

160 2522 162 2525 .
189 2465 228 2532 in
248 2463 483 2535 sublevandis
498 2464 695 2532 hominum
711 2464 979 2532 calamitatibus
993 2464 1238 2553 praestantior.

189 2588 273 2674 Qui,
295 2610 393 2674 oum,
415 2589 533 2656 Roma
553 2594 658 2678 capta
678 2595 713 2657 et
733 2589 887 2678 direpta,
909 2589 1015 2656 multi
1034 2588 1165 2655 Africae
1185 2587 1242 2654 lit-

188 2718 330 2785 toribus
355 2718 751 2806 navemappellentes,
783 2718 905 2786 statim
928 2716 1182 2784 Vandalorum
1206 2722 1241 2784 et

187 2845 402 2914 Maurorum
421 2847 607 2935 mancipia
622 2847 763 2931 fierent,
786 2845 949 2934 captivos
969 2845 1137 2931 redemit,
1156 2845 1240 2914 data

187 2992 255 3060 pro
273 2992 403 3039 eorum
413 2972 582 3040 libertate
595 2973 733 3062 ingenti
745 2973 903 3061 pecunia
918 2973 1086 3041 autvasis
1102 2973 1234 3041 aureis

188 3098 304 3167 Tanta
320 3103 397 3167 erat
412 3099 562 3167 illorum
579 3101 642 3188 qui
661 3100 804 3167 ltaliam
822 3099 1010 3188 fugiebant
1024 3099 1236 3182 multitude,

179 3219 227 3294 ‘ut
251 3246 313 3293 eos
338 3226 399 3293 vix
426 3226 654 3313 privatorum
681 3224 814 3294 domus
841 3231 992 3314 possent
1018 3227 1207 3294 continere
1229 3248 1237 3313 ;

188 3351 280 3419 alios
304 3351 414 3435 farne,
441 3350 533 3419 alios
552 3352 684 3418 morbo
713 3351 922 3420 laborantes
952 3352 1128 3442 (quorum
1153 3373 1239 3440 pars

188 3480 349 3548 maxima
369 3478 460 3569 erat)
479 3480 518 3546 in
537 3479 697 3548 basilicis
718 3478 946 3569 Carthaginis
966 3482 1160 3569 episcopus
1181 3502 1239 3548 ex-

188 3609 296 3696 cepit,
328 3627 477 3695 eosque,
501 3608 654 3696 juvante
674 3606 905 3675 medicorum
930 3608 1121 3694 industria,
1149 3610 1239 3677 assi-

189 3732 261 3802 due
280 3738 434 3822 paterno
455 3733 587 3802 affeetu
607 3739 642 3801 et
662 3755 749 3802 cura
769 3734 910 3803 refovit.

234 3858 325 3942 Quae
336 3858 502 3928 videntes
517 3859 642 3928 Ariani
657 3865 691 3928 et
702 3879 796 3949 aegre
806 3861 975 3946 ferentes,
992 3863 1237 3950 timentesque

186 4007 234 4055 ne
253 3986 464 4076 pervulgata
485 3986 546 4055 illa
566 3987 822 4055 memorabilia
842 3987 1054 4078 Deogratias
1075 3988 1239 4059 facinora

219 4271 253 4339 (1)
270 4271 334 4325 vat.
351 4271 408 4334 ut,
424 4273 442 4335 1,
459 4271 546 4325 nar.
