3142 5084
702 423 859 484 „35-

255 611 326 677 que
352 609 504 678 operam
532 587 632 657 dedit
660 595 701 656 ut
728 591 767 656 in
794 591 937 674 itinere,
964 611 1093 658 eorum
1121 609 1307 657 aerumnas

254 716 403 801 levaret,
421 717 617 785 innumera
638 718 838 786 comitante
857 716 1105 786 multitudine.
1127 715 1308 786 Exsulan-

256 847 310 911 tes
338 845 377 910 in
408 864 553 912 carcere
585 844 857 930 consolabatur,
889 850 1101 935 postquam,
1127 845 1308 933 corruptis
1370 818 1372 822 V

256 971 415 1059 pecunia
430 971 656 1056 custodibus,
674 972 836 1040 intrandi
851 972 1062 1040 facultatem
1077 972 1146 1040 sibi
1160 972 1307 1040 fecerat.

258 1092 380 1177 Paulo.
406 1104 490 1187 post
523 1098 781 1190 Carthaginem
810 1098 942 1186 predux,
976 1101 1014 1167 in
1048 1100 1201 1168 ecclesia
1235 1102 1311 1165 erat

259 1244 344 1291 cum
363 1222 500 1291 lectum
525 1230 590 1310 est,
616 1230 797 1313 praesente
825 1224 982 1293 Zenonis
1006 1223 1239 1314 imperatoris
1263 1221 1312 1289 le·

259 1355 354 1440 gato,
368 1350 543 1418 Hunerici
559 1349 721 1419 edictum
737 1373 811 1440 quo
826 1373 957 1420 omnes
971 1351 1102 1420 Africae
1119 1353 1312 1441 episcopos

260 1478 306 1545 ab
338 1476 465 1553 exsilio
495 1484 685 1546 revocatos
715 1477 973 1568 Carthaginem
1001 1500 1065 1547 rex
1093 1477 1310 1546 arcessebat.

262 1603 408 1695 Quanto
423 1609 511 1673 tunc
525 1605 652 1673 dolore
663 1606 788 1674 Victor
800 1607 910 1674 fuerit
928 1609 1119 1694 correptus
1134 1603 1314 1694 expressis

261 1734 383 1802 verbis
406 1733 545 1803 indicat
568 1757 574 1801 :
599 1758 615 1802 <r
638 1733 920 1824 Cognoscentes,
948 1735 1080 1824 inquit,
1104 1734 1165 1822 qui
1184 1733 1313 1801 oderu-

263 1882 354 1947 muS,
373 1861 558 1951 simulque
574 1862 746 1952 legentes
760 1863 959 1929 contritum
980 1866 1033 1928 est
1053 1859 1236 1949 extemplo
1252 1879 1316 1927 cor

264 1993 433 2056 nostrum
454 1993 489 2057 et
508 1989 760 2057 contenebrati
782 1993 867 2056 sunt
887 1988 984 2057 oculi
1005 1988 1120 2056 nostri
1135 1985 1198 2078 (1).
1223 2010 1239 2052 u

310 2114 473 2184 Credunt
490 2116 676 2186 Victorem
691 2115 744 2183 illi
760 2115 947 2184 collationi
967 2137 1043 2183 non
1071 2115 1231 2183 adfuisse
1250 2111 1313 2203 (2).

267 2241 357 2326 Quae
379 2245 506 2333 opinio
526 2244 618 2311 mihi
637 2244 868 2313 retractanda
889 2248 953 2327 est,
977 2263 1192 2333 quanquam
1211 2238 1317 2309 facile

218 2395 221 2398 ⁴
267 2368 469 2457 suggeritur
483 2368 584 2435 hisce
602 2367 750 2437 Notitiae
770 2368 891 2435 verbis
911 2390 917 2435 :
942 2367 1058 2437 Victor
1083 2365 1226 2436 Vitensis
1245 2384 1317 2432 non

268 2494 423 2562 occurrit
441 2493 492 2586 (3)
515 2496 649 2584 quibus
663 2494 866 2563 vandalicae
881 2494 1148 2583 persecutionis
1163 2493 1320 2580 scriptor

269 2620 451 2711 designari
481 2622 637 2690 videtur.
669 2621 852 2706 Attamen,
879 2621 1016 2690 Halmii
1044 2618 1208 2688 indicem
1235 2639 1320 2708 per-

269 2745 430 2813 currenti
460 2751 658 2813 occurrunt
684 2744 790 2812 multi
809 2743 941 2813 Africae
962 2744 1137 2833 episcopi,
1164 2742 1321 2811 Victoris

270 2875 422 2942 nomine
433 2875 647 2963 nuncupati.
666 2874 862 2942 Probabile
879 2879 932 2941 est
946 2873 1132 2941 Victorem
1152 2877 1321 2941 nostrum

269 3001 309 3067 in
329 3000 454 3069 locum
474 3001 638 3090 episcopi
660 3001 705 3068 de
726 3023 800 3090 quo
820 3001 960 3069 mentio
975 3001 1016 3068 fit
1034 3001 1074 3067 in
1092 2999 1242 3085 Notitia,
1264 3000 1323 3067 in-

271 3135 370 3197 certo
381 3133 560 3217 tempore,
574 3129 792 3196 successisse
806 3149 813 3213 ;
829 3127 894 3195 sed
904 3132 1001 3196 recte
1014 3127 1086 3195 dici
1099 3149 1175 3195 non
1188 3131 1320 3216 potest,

271 3258 301 3324 si
320 3256 477 3327 Victoris
497 3257 631 3345 scripta
651 3261 787 3325 attente
801 3256 978 3344 sequaris,
1002 3277 1087 3323 eum
1108 3255 1324 3344 episcopum

271 3385 383 3453 fuisse
402 3390 569 3474 tempore
591 3406 664 3473 quo
679 3383 811 3452 Africae
828 3384 991 3473 episcopi
1008 3383 1267 3472 Carthaginem
1277 3380 1325 3449 ad

273 3511 510 3582 collationem
539 3518 802 3579 convenerunt.
832 3511 874 3577 ln
913 3509 1066 3578 ecclesia
1096 3508 1326 3598 Carthaginis

274 3645 361 3725 erat,
387 3645 427 3707 ut
445 3640 525 3728 jam
546 3639 632 3723 dixi,
663 3659 748 3706 cum
770 3638 939 3706 ministro
964 3637 1139 3705 Hunerici
1165 3637 1327 3705 edictum

274 3767 407 3857 legenti
427 3767 629 3857 respondit,
652 3788 719 3834 suo
740 3773 775 3835 ct
795 3771 1012 3834 caeterorum
1027 3767 1328 3855 presbyterorum

307 4074 341 4139 (1)
358 4074 421 4126 Vict.
435 4074 544 4136 tit.‚11,
559 4077 598 4125 40.

306 4150 340 4216 (t)
358 4153 472 4201 Poestsch.
489 4168 493 4200 :
511 4152 592 4200 Victor
603 4166 650 4200 von
665 4152 717 4200 Vita
734 4153 783 4200 und
795 4151 834 4200 die
852 4150 1104 4214 Kirchenverlolgung
1116 4149 1140 4198 in
1156 4148 1330 4199 Vandalenrei·

275 4226 457 4368 chlsslplllossh'b'u
471 4304 607 4368 Byzacena
620 4305 656 4368 (11⁰
672 4305 721 4366 14).
