3142 5084
653 401 813 470 ..47-

207 575 308 660 bant,
336 579 371 643 et
395 576 482 665 quia
506 575 574 642 sub
599 574 848 642 Barbarorum
872 573 1126 642 dominatione
1152 574 1260 643 time-

207 702 297 771 bant
316 724 362 770 ne
382 723 471 791 opes
491 723 576 769 suas
596 707 631 770 et
649 702 811 770 honores
826 701 1054 788 amitterent;
1076 701 1260 800 alii-quia

208 850 293 897 cum
311 828 457 897 Arianis
478 830 583 919 jungi
607 828 846 897 inhonestum
869 828 1086 919 foedumque
1111 829 1260 897 videba-

206 963 276 1025 tur.

252 1084 343 1168 Quae
363 1105 449 1157 cum
469 1085 519 1154 ita
538 1087 622 1170 sint,
644 1085 841 1175 optimates
865 1090 900 1153 et
923 1085 1112 1153 christiani
1132 1089 1259 1174 utpote

207 1213 271 1302 qui
298 1213 365 1281 soli
390 1208 557 1282 barbarae
581 1214 752 1303 potestati
777 1213 1007 1298 obsisterent,
1035 1234 1146 1281 omne
1171 1233 1259 1283 van-

206 1337 334 1407 dalicae
354 1338 506 1408 invidiae
525 1339 673 1428 pondus
693 1340 967 1428 sustinuerunt3
989 1346 1024 1408 ct
1043 1340 1082 1408 id
1106 1340 1258 1429 quidem

203 1465 310 1533 facile
325 1470 478 1554 apparet
491 1465 648 1535 Victoris
658 1466 851 1536 historiam
865 1466 999 1556 legenti
1012 1466 1075 1556 qui
1087 1466 1258 1568 homines

204 1589 329 1679 aliqua
345 1589 520 1681 dignitate
536 1593 768 1682 conspicuos,
786 1593 947 1660 maxime
962 1592 1132 1662 omnium
1145 1592 1258 1660 fuisse

204 1736 224 1784 a
245 1714 442 1786 Genserico
458 1722 619 1803 vexatos,
642 1719 801 1786 affirmat
814 1717 876 1809 (1).

248 1841 320 1910 Sed
335 1842 519 1932 imprimis
534 1843 802 1912 reformidandi
817 1849 921 1911 crant
933 1823 1058 1911 'clerici
1076 1866 1083 1911 :
1103 1845 1166 1934 qui
1176 1845 1257 1933 jam

202 1968 408 2037 innumeris
437 1971 700 2038 certaminibus
730 1975 857 2038 contra
885 1969 1078 2038 haereticos
1106 1972 1253 2056 assueti,

201 2098 400 2183 postquam
424 2095 624 2163 acerrimos
649 2095 773 2162 hostes
799 2094 1084 2179 debellaverunt,
1113 2095 1161 2162 ad
1185 2095 1256 2163 im-

202 2220 421 2310 pugnandos
447 2220 604 2290 Arianos
632 2223 797 2311 pristinae
823 2223 967 2290 virtutis
993 2223 1174 2291 memoria
1198 2223 1257 2290 in-

200 2347 422 2416 vitabantur.
444 2347 636 2439 Augebant
655 2351 707 2417 eis
727 2352 896 2418 animum
915 2354 1122 2438 exspectata
1141 2349 1252 2439 (heut

201 2473 471 2565 nequidquam)
497 2497 518 2543 a
542 2478 683 2544 caeteris
712 2478 813 2545 orbis
839 2483 1020 2545 terrarum
1047 2477 1255 2545 christianis

201 2601 348 2686 auxilia,
374 2607 408 2669 et
429 2602 537 2670 firma
556 2604 652 2671 inter
671 2604 891 2693 quingentos
910 2602 1040 2671 Africae
1061 2604 1254 2692 episcopos

200 2732 235 2795 et
264 2728 380 2796 multo
407 2731 588 2818 majorem
612 2731 914 2820 presbyterorum
941 2751 1139 2798 numerum
1165 2750 1253 2797 con-

200 2855 338 2940 cordia,
366 2879 450 2945 quae
478 2878 520 2925 ea
548 2864 624 2926 erat
648 2863 689 2926 ut
712 2879 843 2926 omnes
863 2880 979 2925 unum
999 2859 1200 2948 cogitarent
1220 2863 1255 2926 et

199 2970 483 3072 carthaginiensi
508 2967 656 3073 primati
686 3006 784 3074 saepe
809 2986 1025 3074 episcopum
1054 3006 1253 3053 romanum

199 3108 419 3194 consulenti,
434 3112 616 3179 cervicem
627 3113 896 3181 submitterent.
909 3111 988 3181 Hoc
1001 3111 1150 3181 assiduo
1167 3133 1252 3180 cum

198 3255 346 3303 summo
366 3234 544 3306 Pontifice
565 3242 699 3305 etcum
719 3238 941 3327 imperatore
964 3240 1200 3323 commerci0‚
1217 3243 1252 3306 et

197 3360 389 3429 formidini
419 3367 454 3430 et
481 3362 568 3431 odio
598 3369 701 3433 erant
726 3363 902 3434 Vandalis
930 3364 993 3455 (2),
1026 3386 1185 3453 quorum
1212 3366 1251 3431 in

198 3487 387 3576 republica
408 3489 634 3578 peculiarem
653 3490 922 3579 rempublicam
943 3491 1133 3558 instituere
1151 3488 1251 3558 vide-

197 3615 344 3684 bantur.

241 3740 346 3810 Adde
374 3742 475 3833 quod
500 3744 738 3813 ecclesiarum
763 3745 862 3813 bona
896 3751 930 3813 et
963 3746 1052 3834 ipsae
1086 3746 1249 3815 ecclcsiae

196 3870 308 3938 tantis
335 3870 621 3939 christianorum
641 3873 849 3963 sumptibus
875 3872 1076 3959 adornatae,
1098 3873 1250 3945 avidum

227 4139 262 4205 (1)
280 4140 339 4191 vict.
354 4140 406 4193 vit.
425 4140 509 4205 (initio
525 4145 549 4193 ct
560 4142 678 4207 partim).

228 4216 262 4280 (2)
286 4218 375 4267 Omnes
398 4217 480 4267 Ariani
505 4218 596 4281 pariter
619 4219 738 4268 timebant
761 4219 820 4269 illud
847 4220 1033 4272 christianorum
1057 4235 1112 4270 cum
1134 4221 1249 4271 Romanis

199 4294 376 4343 commercium
388 4294 449 4356 (vid.
465 4295 588 4344 Bovillout
604 4295 794 4359 (meracitate),
810 4309 833 4358 p.
846 4295 914 4361 139).
