3142 5084
703 414 863 476 ,89-

257 588 389 679 (Verr,
406 589 439 674 3,
455 586 523 678 52).
537 587 651 655 Multa
665 606 814 676 quoque
827 586 1025 668 verborum
1042 583 1308 673 deponentium

258 715 450 805 participia
466 715 505 782 in
521 713 599 800 ciue,
622 713 682 799 du,
704 712 804 800 dum,
822 717 862 781 ut
882 712 1028 802 passiva
1044 710 1209 780 adhibita
1225 716 1310 780 sunt

258 844 305 912 ab
331 842 464 911 iisdem
493 842 732 932 scriptoribus
757 865 763 909 :
787 839 995 926 imitandus
1018 838 1255 909 admirandus
1275 843 1311 906 et

259 968 330 1038 alia
346 990 429 1058 quae
444 968 556 1037 citare
575 990 707 1057 parum
722 969 884 1036 interest.
1286 968 1290 973 ’

304 1095 467 1164 Labente
486 1097 677 1181 latinitate,
696 1096 828 1164 indies
848 1117 974 1164 rursus
993 1094 1147 1162 invaluit
1166 1094 1229 1162 illa
1249 1115 1312 1162 an·

259 1223 450 1312 tiquorum
465 1228 659 1291 auctorum
679 1228 713 1290 et
727 1223 886 1312 vulgaris
906 1221 1044 1311 eloquii
1060 1221 1308 1307 consuetud03

260 1350 310 1417 ita
331 1356 382 1435 ut,
410 1355 511 1419 sexto
532 1350 680 1435 saeculo,
701 1351 760 1418 vel
779 1350 925 1439 passiva
943 1350 1062 1443 forma
1086 1349 1309 1437 rejiceretur,

261 1483 296 1545 et
315 1477 354 1544 in
369 1478 448 1565 ejus
463 1478 588 1546 locum
608 1476 804 1545 succedere
823 1477 1002 1565 inciperet
1016 1476 1117 1545 verbi
1140 1497 1209 1544 esse
1224 1497 1312 1544 usus

260 1606 455 1695 participio
475 1605 661 1695 praeterito
679 1605 879 1693 conjuncti,
895 1604 995 1672 unde
1006 1605 1151 1694 passiva
1169 1604 1313 1673 franco-

266 1734 447 1823 gallorum
467 1732 675 1821 conjugatio
696 1731 876 1821 originem
895 1731 1014 1800 traxit.

308 1859 392 1928 Non
412 1860 528 1949 magis
548 1859 652 1925 mirae
668 1863 753 1925 sunt
767 1862 917 1925 mutatae
933 1862 1074 1925 caeterae
1090 1858 1315 1948 conjugatio-

263 2006 354 2052 num
373 1985 514 2052 formae.
534 1982 645 2051 Omni
665 1984 766 2050 enim
786 1988 891 2051 aetate
905 1983 1006 2051 luere
1021 1984 1133 2051 verba
1153 2005 1314 2073 quorum

263 2111 472 2200 conjugatio
491 2112 631 2178 incerta
659 2111 805 2178 mansit.
827 2110 999 2200 Legimus
1023 2109 1122 2198 apud
1141 2109 1314 2178 Plautum

268 2236 419 2305 intuitur
433 2236 552 2326 (Capt.
574 2235 655 2326 231)
676 2257 744 2324 pro
765 2236 933 2321 intuetur,
952 2236 1156 2326 congrediri
1174 2234 1311 2326 (Aulul.

265 2362 356 2452 188),
374 2361 502 2430 moriri
516 2361 625 2451 (Rud.
643 2361 735 2451 425),
754 2361 855 2450 quod
870 2360 970 2450 apud
987 2360 1161 2428 Ovidium
1177 2362 1311 2449 ipsum,

263 2491 460 2559 invenitur.
482 2489 589 2575 Dein,
611 2491 723 2559 verba
754 2512 849 2580 quae,
880 2490 1044 2578 pristinis
1070 2489 1312 2577 temporibus,

264 2619 380 2687 tertiae
401 2618 668 2707 conjugationis
688 2623 803 2702 erant,
821 2618 860 2683 in
879 2618 1039 2705 primam
1059 2617 1282 2684 transierunt
1305 2640 1311 2685 :

266 2743 403 2831 cubare,
426 2743 581 2830 cubare,
612 2746 741 2830 lucere,
764 2745 898 2830 lucore,
921 2750 988 2812 etc.
1021 2743 1063 2812 In
1089 2744 1170 2812 aliis
1194 2746 1315 2814 verbis

266 2870 386 2961 prima
407 2871 616 2960 conjugatio
636 2890 722 2939 cum
737 2869 899 2939 secunda
915 2875 977 2938 aut
997 2891 1082 2939 cum
1102 2871 1207 2938 tertia
1227 2892 1316 2939 con-

265 2998 452 3067 sociatur:
474 3019 615 3083 sonare,
633 2998 749 3083 sonui,
770 2998 953 3083 sonitum,·
979 2999 1113 3084 lauare,
1137 2998 1221 3085 luri,
1240 3000 1316 3067 luu-

189 3172 201 3187 ,
267 3131 354 3194 tum.
376 3125 456 3194 Alia
477 3126 639 3216 denique
660 3148 704 3194 ex
719 3127 823 3194 tertia
843 3127 882 3193 in
902 3133 1071 3215 quartam
1088 3148 1313 3196 concessere.

266 3254 452 3343 Leguntur
470 3255 509 3321 in
525 3259 646 3322 vetere
661 3254 785 3343 lingua
796 3255 920 3345 parire
939 3277 1007 3344 pro
1018 3275 1159 3345 parere,
1183 3254 1318 3344 cupiret

266 3386 501 3471 proruperat,
520 3380 657 3471 puribit
671 3402 738 3469 pro
749 3381 880 3472 pariet,
903 3386 970 3449 etc.

312 3507 403 3592 Quae
424 3529 509 3577 cum
524 3510 575 3576 ita
590 3509 673 3594 sint,
692 3508 802 3577 credo
818 3509 1004 3577 Victorem
1019 3507 1174 3577 emedio
1194 3529 1319 3598 sump-

268 3636 357 3704 sisse
390 3636 591 3726 singulares
626 3635 806 3726 quasdam
839 3635 1141 3725 conjugationum
1180 3636 1318 3704 formas

269 3785 352 3852 quae
372 3765 418 3831 ab
439 3785 560 3832 aureae
589 3764 779 3832 latinitatis
799 3764 1038 3853 scriptoribus
1058 3764 1214 3852 rejectae,
1237 3786 1317 3831 rur·

269 3909 341 3973 sus,
352 3889 555 3980 posteriore
566 3888 755 3957 latinitatis
768 3892 885 3972 aetate,
899 3889 937 3955 in
952 3887 1073 3955 lucem
1085 3886 1315 3976 prodierunt.
