3142 5084
775 417 934 480 ..36-

327 583 491 667 nomine,
506 583 607 672 quod
623 588 699 652 erat
715 583 879 652 officium
894 605 972 651 non
987 582 1107 650 alieno
1125 582 1299 671 episcopo
1316 580 1381 648 sed

327 712 485 781 diacono
505 713 666 780 absentis
682 711 844 800 episcopi
860 711 979 778 vicem
1002 709 1122 798 agenti
1140 709 1376 797 assignatum.

328 839 418 923 Quis
443 862 531 908 vero
558 839 757 908 contendat
784 860 870 906 eum
904 839 1136 926 episcopatus
1165 836 1380 924 dignitatem

327 967 503 1057 adeptum
522 967 634 1034 fuisse
649 967 720 1034 hoc
736 967 823 1033 anni
843 964 1036 1032 intervallo
1059 963 1161 1053 quod
1183 964 1278 1031 inter
1297 985 1380 1052 pro-

326 1095 531 1184 mulgatum
547 1093 710 1162 edictum
727 1100 760 1161 et
776 1094 1013 1161 collationem
1032 1091 1237 1159 intercessit
1251 1092 1269 1158 ⁴?
1291 1090 1380 1175 Quis

326 1223 437 1290 etiam
453 1224 570 1290 nescit
587 1243 629 1290 ea
643 1227 859 1310 tempestate
879 1222 929 1289 ita
944 1221 1240 1309 persecutionem
1260 1239 1381 1286 recru-

326 1347 450 1417 duisse
466 1354 501 1416 et
515 1353 568 1416 tot
585 1349 779 1437 episcopos
789 1349 828 1415 in
840 1347 1009 1416 exsilium
1020 1347 1146 1435 pulsos
1157 1367 1236 1415 esse
1245 1351 1285 1413 ut
1296 1367 1381 1413 nus-

327 1495 453 1563 quam,
472 1474 708 1541 saevientibus
723 1470 910 1556 VandaliS,
932 1477 1093 1560 potestas
1108 1471 1381 1560 permitteretur

327 1621 443 1668 novos
463 1600 657 1689 episcopos
677 1598 826 1667 creandi
837 1601 854 1666 ‘t
873 1598 952 1666 Hoc
967 1599 1006 1665 in
1025 1603 1201 1687 promptu
1217 1602 1294 1664 erat
1308 1597 1381 1686 pri-

326 1726 396 1792 mis
405 1725 579 1794 Hunerici
586 1727 687 1815 regni
700 1727 942 1815 temporibus,
954 1745 1075 1813 neque
1089 1745 1207 1792 avero
1216 1722 1379 1791 alienum

324 1851 472 1921 videtur
486 1853 647 1938 credere,
659 1859 738 1921 tum
753 1851 884 1920 Africae
895 1851 1109 1935 Ecclesiam,
1121 1850 1264 1918 reiectis
1279 1850 1380 1939 pacis

326 1976 507 2044 beneficio
527 1978 678 2062 viribuS,
697 1979 958 2066 episcoporum
972 1997 1129 2043 numero
1144 1976 1277 2043 iterum
1294 1994 1380 2041 auc-

326 2104 402 2169 tam
424 2102 547 2170 fuisse.
571 2102 654 2187 Sed,
676 2109 759 2192 post
788 2102 1024 2171 collationem
1049 2101 1380 2191 carthaginiensem

225 2292 227 2297 .
327 2233 508 2316 quantum
542 2229 580 2295 in
615 2228 775 2296 deterius
809 2229 1094 2298 christianorum
1127 2250 1185 2296 res
1219 2227 1379 2317 delapsae

327 2361 431 2424 erant
448 2356 455 2422 1

370 2480 466 2572 Ergo
486 2503 571 2551 cum
591 2483 654 2551 illa
674 2484 821 2552 collatio
837 2484 963 2553 hahita
986 2490 1050 2569 est,
1078 2484 1379 2573 carthaginiensis

326 2607 490 2677 ecclesiae
509 2611 701 2698 presbyter
720 2614 783 2678 aut
803 2609 982 2677 diaconus
1000 2609 1125 2678 Victor
1139 2607 1190 2699 (1)
1210 2613 1297 2676 erat.
1314 2608 1380 2676 Fa-

325 2739 405 2803 teor
418 2736 569 2825 quidem
581 2759 679 2821 eum,
693 2739 731 2804 in
744 2737 828 2805 libri
843 2737 926 2806 loco
938 2738 1001 2805 ubi
1017 2723 1062 2805 de
1076 2741 1379 2826 congregatorum

326 2863 585 2953 episcoporum
605 2866 715 2932 rebus
736 2865 844 2954 gestis
864 2865 992 2953 agitur,
1014 2865 1053 2932 in
1073 2882 1222 2932 scenam
1242 2886 1318 2931 non
1341 2885 1379 2931 se

325 2989 524 3059 induxisse.
550 2989 621 3059 Sed
640 2992 679 3059 in
699 2991 770 3060 alia
790 2992 1011 3060 narrationis
1030 2977 1133 3081 parte
1153 3013 1236 3080 quae
1261 2991 1379 3058 «fidei

324 3119 594 3206 professionem
623 3142 639 3186 ι)
662 3120 838 3208 sequitur,
864 3119 977 3209 paulo
997 3119 1131 3188 clarius
1160 3119 1206 3187 de
1235 3141 1273 3188 se
1297 3121 1379 3208 ipso

324 3247 438 3316 verba
465 3247 562 3332 facit,
597 3246 822 3315 vocabulum
854 3268 919 3314 nos
946 3248 1085 3336 soepius
1105 3268 1288 3336 usurpans
1314 3245 1376 3336 (2),

325 3396 398 3466 qua
428 3375 606 3464 loquendi
637 3376 780 3443 ratione
807 3397 883 3443 non
912 3396 1000 3443 usus
1029 3380 1135 3460 esset,
1163 3375 1192 3442 si
1217 3396 1238 3443 a
1267 3374 1380 3443 colla-

325 3503 425 3570 tione
441 3502 627 3570 abfuisset.

368 3629 476 3697 Haud
491 3631 615 3697 minus
631 3635 772 3721 certum
794 3635 847 3697 est
862 3629 1048 3697 Victorem
1078 3630 1296 3721 Carthagine
1319 3630 1380 3697 de·

323 3758 428 3847 gisse,
446 3763 613 3846 tempore
630 3779 703 3846 quo
720 3756 827 3824 multi
842 3756 974 3825 Africae
991 3758 1155 3847 episcopi
1176 3764 1211 3826 et
1229 3758 1380 3848 presby·
1417 3772 1422 3781 ‘

323 3887 487 3952 terorum
507 3884 669 3952 maxima
688 3904 773 3972 pars
793 3884 839 3951 ab
855 3883 918 3951 illa
931 3884 1022 3952 urbe
1039 3884 1265 3953 exsulabant.
1283 3884 1379 3954 Nam

356 4195 387 4258 (l)
406 4197 435 4244 Ut
449 4195 565 4243 diaconus
580 4193 691 4243 ccclesia
709 4192 919 4258 carthaginiensis,
935 4194 1017 4254 credo,
1032 4193 1157 4243 collationi
1172 4193 1263 4244 adsuit.

356 4271 390 4335 (a)
409 4273 468 4320 uu.
482 4271 543 4329 vu,
556 4272 597 4330 ιιι,
614 4271 636 4320 ι.
