3142 5084
514 436 517 441 x
635 382 673 450 .’.
694 404 733 469 33
754 439 794 450 .-

184 572 268 639 vitae
288 592 365 638 suae
384 575 528 660 partem
551 572 771 662 Carthagine
787 572 940 662 degisse,
959 576 993 640 et
1006 573 1182 661 primum,
1199 573 1238 639 in

184 701 336 769 basilica
351 699 488 784 Fausti,
505 701 709 789 presbyteri
726 700 848 768 officio
868 700 1036 767 functum
1050 700 1162 768 fuisse
1174 698 1236 790 (1).

184 829 225 895 ln
244 828 307 902 illa
322 829 414 896 urbe
430 833 506 896 erat
522 849 607 896 cum
626 849 709 896 eam
730 826 960 912 Gensericus‚
981 833 1088 916 capto
1105 845 1239 916 magno

186 958 407 1046 optimatum
437 976 607 1040 numero,
639 957 678 1022 in
709 960 1062 1044 suampotestatem
1088 955 1237 1044 redegit,

186 1084 288 1173 quod
311 1085 419 1152 nobis
444 1084 681 1152 manifestum
704 1085 745 1152 fit
774 1085 875 1181 hisce
900 1084 1048 1151 verbis:
1069 1106 1085 1150 ι(
1106 1082 1240 1151 Multos

187 1212 379 1301 episcopos
410 1217 444 1280 et
471 1212 597 1296 laicos,
620 1211 738 1280 claros
764 1216 875 1300 atque
900 1211 1102 1280 honoratos
1127 1213 1238 1296 viros,

162 1334 304 1406 ¹seruos
327 1359 402 1436 esse*
423 1339 588 1406 nouimus
614 1337 871 1406 Vandalorum
890 1336 941 1428 (2)
962 1360 992 1404 ι).
1023 1338 1241 1427 Carthagine

187 1458 336 1554 quoque
351 1464 477 1532 Victor
497 1465 723 1549 versabatur,
746 1485 831 1532 cum
850 1465 889 1531 in
912 1463 1080 1532 exsilium
1103 1464 1242 1553 episco-

187 1614 256 1681 pus
277 1591 557 1675 Quodvultdeus
577 1592 735 1660 etmulti
756 1613 841 1660 cum
858 1614 901 1660 eo
922 1591 1125 1681 presbyteri
1144 1590 1241 1680 pulsi

188 1719 284 1800 sunt,
303 1736 463 1805 cumque
482 1717 594 1805 paulo
614 1722 697 1805 post
719 1717 836 1785 solitae
858 1719 897 1784 in
920 1724 1154 1785 mortuorum
1174 1717 1242 1785 ho-

187 1863 318 1910 norem
338 1843 589 1944 solemnitates
608 1845 729 1912 vetitae
748 1844 850 1912 fuere
865 1843 926 1934 (3).
942 1845 1046 1911 Tunc
1065 1844 1242 1933 temporis

187 1970 294 2037 multi
306 1973 508 2060 provinciae
524 1972 798 2061 proconsularis
814 1978 848 2040 et
864 1971 1063 2061 Byzacenae
1079 1971 1242 2061 episcopi

187 2096 227 2162 in
249 2096 418 2165 exsilium
438 2100 508 2166 acti
535 2103 620 2166 sunt
644 2120 740 2187 quos
765 2099 868 2166 novit
893 2103 927 2166 et
950 2097 1053 2184 vidit,
1083 2118 1242 2187 quorum

189 2224 300 2292 etiam
315 2227 468 2293 nomina
482 2226 607 2295 Victor
621 2225 771 2294 tradidit
786 2225 837 2318 (4)
855 2249 861 2294 ;
887 2249 903 2293 (ι
925 2226 1110 2293 Plurimos
1126 2246 1243 2295 sacer·

190 2348 320 2422 dotum
340 2354 428 2418 tuno
447 2352 619 2420 novimus
639 2352 830 2441 relegatos,
851 2354 944 2420 sicut
959 2352 1151 2420 Urbanum
1167 2350 1244 2418 Gir-

190 2478 356 2562 bomem,
393 2478 627 2547 Crescentem
661 2479 990 2568 metropolitanum
1024 2480 1243 2569 aquitanicae

194 2604 351 2673 civitatis
371 2606 434 2694 qui
455 2606 547 2673 CXX
566 2612 721 2696 praeerat
742 2608 924 2696 episcopis
939 2606 1001 2697 (5).
1027 2629 1043 2672 ι

234 2730 347 2799 Multa
375 2732 446 2801 alia
466 2756 549 2822 quae
572 2735 640 2802 sub
666 2732 863 2802 Geuserico
884 2738 982 2824 gesta
1002 2738 1099 2817 sunt,
1120 2732 1246 2802 Victor

190 2857 292 2942 vidit,
311 2864 421 2948 atque
440 2861 647 2929 mulierum.
660 2866 695 2930 et
714 2862 891 2946 virorum,
914 2882 1007 2950 quos
1022 2883 1086 2929 rex
1101 2859 1245 2929 Vanda-

190 2985 313 3053 lorum
328 2990 629 3077 persequebatur,
652 2991 838 3058 consortio
854 3012 942 3058 usus
958 2996 1022 3057 est.
1040 2988 1187 3057 Etenim
1206 2993 1246 3056 ut

191 3112 315 3202 aliqua
328 3117 495 3205 exempla
507 3118 705 3205 proferam,
719 3118 918 3187 Maximam
931 3117 1034 3185 illam
1045 3118 1147 3185 novit
1163 3137 1246 3205 quae

191 3238 411 3308 Martiniano
432 3242 550 3309 noluit
574 3245 745 3332 conjugio
765 3245 883 3333 jungi,
910 3264 1070 3332 cumque
1095 3241 1246 3311 custode

192 3368 347 3435 carceris
367 3369 406 3435 in
422 3390 496 3457 quo
512 3370 613 3459 virgo
628 3370 898 3456 includebatur,
918 3370 964 3438 de
979 3371 1024 3437 iis
1040 3391 1123 3459 quae
1138 3390 1246 3469 passa

192 3499 280 3577 erat,
299 3494 529 3584 colloquium
544 3497 674 3565 habuit
687 3495 749 3588 (6).
767 3497 935 3565 Aliorum
951 3518 1100 3586 quoque
1115 3516 1246 3586 poenas

190 3619 283 3689 vidit
299 3625 334 3689 et
349 3623 577 3693 consolando
593 3625 737 3693 levavit.
756 3626 827 3709 Sic,
839 3625 1077 3695 Valerianum
1089 3625 1246 3695 Abensae

225 3903 234 3966 (
251 3904 257 3965 J
277 3903 337 3955 viu.
352 3905 415 3966 uc,
432 3908 474 3970 ιιι,
490 3906 529 3956 34.

225 3978 260 4044 (ι)
277 3980 348 4042 rua,
366 3983 384 4042 1,
402 3984 443 4032 n.

225 4053 260 4120 (a)
279 4057 357 4114 uic,
371 4058 390 4118 ι,
407 4061 445 4108 16.

226 4129 234 4193 <
252 4131 260 4195 )

227 4207 234 4268 (

227 4285 233 4342 l

236 3905 248 3954 l

235 4129 251 4179 l

236 4206 260 4345 5)
278 4207 355 4266 lbid.‚
373 4211 392 4268 Ι,
407 4209 449 4258 23.

278 4133 350 4193 lbid.‚
367 4134 385 4193 l,
400 4133 442 4183 23.

235 4285 250 4332 o
278 4283 350 4344 niu,
368 4285 386 4347 r,
403 4289 445 4335 34.
