3142 5084
709 437 871 500 -25..

262 609 301 675 in
328 607 404 675 luto
432 607 601 674 stercoris
630 611 666 673 et
696 606 813 673 urinae
842 611 1104 695 mergerentur.
1130 606 1214 675 Mox
1241 608 1314 677 alio

261 735 417 824 migrare
428 733 522 822 jussi
538 737 573 801 et
587 732 698 822 longo
718 732 849 800 itinere
869 730 1052 822 defatigati
1073 754 1190 819 senes,
1213 756 1311 821 cum,

259 863 400 930 viribus
420 862 574 930 omnino
595 860 769 944 destituti,
786 860 925 948 passim
943 881 1010 948 per
1028 861 1106 928 vias
1126 860 1311 949 caderent,

261 990 379 1080 ligatis
399 989 570 1079 pedibuS,
597 987 697 1056 velut
721 986 899 1055 cadavera
923 988 1174 1074 trahebantur,
1203 995 1313 1079 atque

158 1117 162 1122 ‘
261 1139 391 1186 eorum
424 1116 530 1184 multi
564 1116 723 1185 lacerato
759 1115 870 1184 dorso
901 1121 963 1184 aut
992 1117 1149 1185 contrito
1180 1119 1310 1207 capite,

223 1272 232 1280 ·
259 1242 402 1311 foedum
427 1242 467 1309 in
492 1240 648 1309 modum
672 1241 854 1330 peribant.
881 1240 956 1308 Illis
980 1246 1033 1309 tot
1052 1242 1314 1332 episcoporum

261 1376 295 1437 et
323 1370 624 1459 presbyterorum
651 1368 840 1458 suppliciis
871 1367 964 1443 adeo
996 1367 1169 1436 Afrorum
1198 1370 1312 1437 animi

260 1497 436 1564 commoti
456 1499 553 1595 sunt,
580 1501 620 1562 ut
640 1516 703 1563 eos
721 1515 788 1584 per
805 1494 886 1562 loca
907 1494 1050 1563 deserta
1070 1501 1105 1563 et
1119 1496 1230 1581 invia,
1247 1517 1314 1586 per

260 1634 405 1697 montes
431 1632 555 1697 secuta
580 1627 689 1695 fuerit
712 1627 919 1711 innumera,
947 1647 1059 1715 quam
1084 1627 1146 1693 vix
1171 1628 1312 1695 semitae

260 1761 430 1845 poterant
445 1776 588 1845 capere,
605 1753 804 1822 multitudo
819 1754 984 1821 virorum
1005 1759 1040 1821 et
1058 1753 1257 1822 mulierum
1278 1759 1313 1822 et

259 1902 462 1972 puerorum
478 1903 572 1970 quos
587 1901 717 1948 omnes
733 1879 873 1948 diceres
888 1879 984 1947 filios
1003 1886 1199 1969 parentum
1214 1903 1312 1949 mor-

258 2015 333 2077 tem
350 2014 412 2077 aut
428 2008 597 2077 exsilium
613 2006 847 2096 deplorantes
862 2005 924 2096 (1).

304 2134 412 2204 Haud
423 2134 540 2203 multo
556 2138 651 2223 post,
670 2132 876 2201 Hunericus
887 2133 1060 2200 omnibus
1071 2131 1201 2200 Africae
1219 2134 1311 2223 epis-

259 2264 362 2354 copis
391 2264 503 2332 edixit
522 2267 562 2330 ut
588 2283 667 2330 sese
696 2261 954 2351 Carthaginem
974 2267 1235 2351 congregarent
1263 2262 1311 2329 ad

260 2390 543 2482 disceptandum
563 2390 609 2458 de
628 2412 714 2458 vera
729 2389 802 2457 fide
814 2411 898 2458 cum
909 2389 1065 2457 Arianis.
1090 2388 1198 2472 Quod
1214 2388 1311 2458 edic-

257 2521 348 2601 tum,
363 2515 530 2585 adstante
541 2516 698 2583 Zenonis
711 2516 943 2604 imperatoris
954 2515 1084 2605 legato,
1102 2516 1141 2581 in
1157 2515 1310 2584 ecclesia

259 2643 488 2732 Carthaginis
508 2644 554 2711 ab
575 2641 739 2732 Eugenio
767 2643 941 2731 episcopo
966 2642 1102 2710 lectum
1127 2647 1191 2710 est.
1216 2642 1309 2710 Cum

257 2769 451 2859 episcopus
471 2770 632 2859 speciem
652 2768 699 2836 ad
718 2769 922 2837 ineundam
937 2791 1073 2837 novam
1087 2771 1310 2859 persecutio-

257 2919 343 2965 nem
359 2916 474 2986 aroge
494 2899 734 2987 excogitatam
750 2919 829 2966 esse
848 2899 1010 2981 sentiret,
1024 2898 1215 2987 respondit
1230 2920 1309 2967 sese

257 3025 309 3092 eis
329 3046 412 3112 quae
424 3025 571 3113 juberet
579 3046 642 3093 rex
655 3025 749 3093 velle
760 3026 1016 3114 obtemperare
1030 3049 1038 3112 ;
1060 3026 1125 3094 sed
1144 3047 1310 3095 necessa-

257 3153 354 3219 rium
371 3152 440 3220 sibi
460 3151 589 3237 videri,
608 3154 694 3243 quia
710 3153 756 3222 de
767 3153 947 3222 catholica
962 3154 1047 3240 fide,
1062 3153 1107 3223 de
1118 3156 1308 3223 communi

257 3300 391 3368 nempe
411 3280 678 3348 catholicorum
698 3301 808 3349 causa
837 3302 895 3349 res
924 3286 1029 3366 esset,
1061 3287 1101 3348 ut
1130 3282 1241 3349 etiam
1265 3302 1310 3348 ex

257 3408 431 3474 omnibus
447 3408 658 3497 regionibus
673 3409 712 3475 in
729 3409 863 3497 quibus
880 3407 1013 3476 Christi
1026 3407 1153 3497 religio
1174 3408 1309 3477 colere-

257 3536 327 3616 tur,
350 3533 513 3623 episcopi
533 3535 571 3600 in
586 3532 747 3601 Africam
772 3535 1022 3600 convenirent.
1045 3532 1146 3601 Talia
1169 3535 1308 3622 petenti

257 3659 421 3749 Eugenio
455 3660 589 3728 dicitur
616 3660 823 3728 Hunericus
847 3660 1081 3750 respondisse
1112 3684 1118 3729 :
1147 3684 1164 3728 <r
1190 3662 1308 3730 Subde

257 3787 348 3854 milri
367 3787 489 3854 orbem
510 3793 690 3855 terrorum
710 3786 852 3877 olfacio
873 3788 970 3876 quod
991 3787 1089 3857 dicis,
1112 3810 1129 3855 »
1147 3787 1303 3875 Deinde,

256 3918 294 3979 ut
306 3913 486 4001 majorem
497 3913 536 3979 in
546 3911 786 4001 disceptando
796 3913 943 4001 copiam
955 3917 989 3980 et
997 3911 1307 3981 fiduciamAriani

256 4040 445 4123 haberent,
469 4040 592 4129 coepit,
614 4038 819 4108 antediem
852 4038 1071 4124 collationis,
1108 4039 1307 4109 eruditissi-

288 4326 321 4390 (1)
339 4326 401 4377 vict.
419 4325 630 4387 vu.,u‚17-as.
676 4315 678 4320 ’
