3142 5084
633 416 794 494 ...29...

186 585 362 665 terantur,
380 581 513 650 domos
529 601 613 651 suas
629 581 881 652 deseruerunt.
899 581 1042 671 Tipasae
1057 583 1189 651 incolae
1204 584 1243 651 in

74 720 78 726 ’
186 705 404 797 Hispaniam
418 709 495 777 fere
513 731 644 778 omnes
663 710 878 798 migravere,
895 710 1054 798 exceptis
1068 711 1244 799 pauclssi-

186 834 257 901 mis
277 834 412 922 quibus
427 834 625 924 navigandi
642 834 796 904 facultas
815 856 892 902 non
912 840 1000 903 erat.
1031 833 1133 919 Quos
1158 857 1244 905 eum

186 961 336 1030 arianus
361 961 460 1031 illius
484 963 640 1031 civitatis
668 964 864 1052 episcopus
892 984 969 1030 non
994 963 1168 1032 valuisset
1197 964 1245 1032 ad

187 1087 360 1156 haeresim
379 1088 564 1178 pellicere,
587 1088 634 1158 de
654 1090 723 1159 hac
743 1111 782 1158 re
802 1091 997 1159 certiorem
1016 1091 1101 1159 iecit
1122 1090 1245 1161 Hune·

187 1212 307 1281 ricum
335 1213 398 1302 qui
424 1233 555 1280 eorum
574 1212 717 1302 linguas
738 1217 773 1281 et
791 1234 925 1282 manus
951 1213 1092 1282 abscidi
1113 1214 1244 1303 jussit;

189 1359 252 1408 eos
267 1343 392 1407 tamen
412 1340 492 1408 sine
512 1338 727 1410 difficultate
746 1340 890 1409 locutos
910 1361 989 1410 esse
1003 1340 1128 1410 Victor
1147 1341 1246 1409 affir-

188 1472 264 1534 mat
278 1465 341 1557 (1).

231 1593 317 1663 Non
332 1594 468 1679 minus,
485 1594 614 1680 fateor,
637 1613 720 1684 erga
740 1615 826 1663 suos
842 1595 888 1663 ab
902 1595 1125 1664 Arianorum
1145 1595 1245 1664 cultu

188 1719 430 1788 abhorrentes
457 1719 645 1788 crudelem
674 1719 882 1789 Huuericus
908 1742 946 1789 se
972 1721 1142 1810 praebuit.
1169 1720 1246 1789 Hos

189 1847 376 1932 manibus,
399 1847 491 1915 alios
512 1847 628 1915 oculis
647 1849 816 1937 privavit,
839 1848 976 1917 multos
1003 1848 1164 1939 denique
1192 1851 1246 1917 in·

188 1974 353 2043 honestis
386 1973 602 2042 vulneribus
631 1975 762 2043 affecit.
795 1975 877 2044 Jam
906 1976 1092 2066 inexpleto
1122 1977 1246 2046 lurore

189 2101 451 2191 impellebatur
469 2109 508 2170 nt
525 2103 564 2170 in
579 2105 681 2192 regni
702 2104 758 2172 sui
778 2104 915 2172 finibus
935 2126 1074 2174 nomen
1094 2106 1246 2175 catholi-

189 2248 320 2296 corum
340 2230 556 2317 exstirparet
571 2234 605 2297 et
621 2229 770 2298 deleret.
797 2228 906 2314 Quod
925 2231 1162 2299 manifestum
1183 2253 1247 2321 pa-

189 2355 269 2439 tuit,
294 2376 380 2423 cum
400 2354 570 2440 UraniuS‚
594 2355 752 2425 Zenonis
774 2351 926 2446 legatus,
949 2355 1111 2426 Africam
1132 2359 1244 2445 venit,

189 2485 374 2551 uteorum
394 2504 544 2551 causam
560 2485 771 2574 susciperet.
795 2484 898 2553 Hanc
917 2484 1124 2553 Huuericus
1144 2507 1247 2554 occa-

189 2610 333 2678 sionem
353 2612 534 2701 arripiens
560 2612 841 2682 demonstrandi
868 2613 1042 2680 omnibus
1069 2634 1107 2681 se
1132 2615 1248 2682 nemi·

191 2758 278 2806 nem
292 2738 373 2827 jam
387 2738 641 2825 reformidare,
660 2741 893 2826 christianos,
911 2741 950 2808 in
965 2741 1107 2830 plateis,
1127 2743 1248 2831 poenis

191 2864 324 2949 affecit,
355 2865 503 2935 vidente
531 2866 649 2957 legato
679 2874 714 2936 et
739 2869 836 2937 inter
859 2872 1016 2937 tortores
1039 2869 1245 2956 incedente,

191 2993 335 3081 quoties
355 3013 374 3062 e
394 2993 531 3083 palatio
560 2995 654 3083 regis
673 2995 712 3061 in
732 2995 923 3084 publicum
943 2995 1126 3085 prodibat.
1151 2994 1249 3080 Quid

191 3118 424 3208 quodetiam
452 3121 626 3190 monachi
646 3124 685 3190 in
706 3124 932 3192 monasterio
953 3145 1020 3192 suo
1040 3123 1194 3193 latentes
1215 3130 1249 3193 et

191 3246 239 3313 ab
255 3248 358 3315 omni
373 3247 571 3316 hominum
586 3251 760 3319 societate
775 3251 908 3319 remoti
928 3250 1149 3340 deprehensi
1164 3258 1249 3318 sunt

193 3377 229 3442 et
248 3375 484 3445 obtruncati‘l
505 3376 587 3446 Suis
608 3379 708 3446 enim
727 3379 970 3468 popularibus
990 3384 1026 3447 et
1043 3379 1249 3468 praesertim

191 3498 415 3569 Arianornm
436 3502 619 3592 episcopis
644 3509 679 3572 et
697 3504 933 3593 presbyteris,
955 3504 1162 3578 Huuericus
1188 3526 1250 3574 cu-

193 3643 275 3693 ram
307 3624 538 3695 adversarios
573 3626 821 3717 persequendi
863 3634 898 3696 et
936 3628 1101 3719 quolibet
1134 3629 1249 3698 modo

192 3751 351 3821 vexandi
362 3751 606 3842 delegaverat.
619 3752 723 3822 Hanc
737 3754 969 3843 provinciam
985 3754 1054 3822 sibi
1067 3755 1249 3844 arrogavit

191 3877 374 3948 Antonius
397 3879 552 3969 quidam
570 3880 609 3947 in
629 3881 774 3949 civitate
796 3880 1085 3950 Tamallumensi
1106 3881 1249 3971 episco-

193 4026 274 4096 pus,
296 4006 352 4075 vir
370 4005 471 4077 foeda
490 4005 717 4077 erudelitate.
739 4005 783 4076 Ei
802 4008 841 4075 in
867 4007 1074 4077 custodiam
1093 4006 1248 4078 traditus

226 4303 260 4370 (ι)
279 4304 342 4354 vict.
358 4304 418 4364 vn,
437 4305 478 4364 ιιι,
495 4305 577 4355 ιι-ιι.
