3142 5084
703 449 884 513 ..133-

264 621 404 691 caeteris
425 620 530 710 quasi
549 619 589 687 in
609 620 766 687 obscuro
783 618 929 703 relictis,
946 618 1071 688 Victor
1093 616 1312 708 explanavit.

263 749 422 817 Tantum
451 749 572 837 igitur,
594 749 753 837 inquies,
775 747 843 815 fuit
865 747 1002 817 Victori
1022 746 1210 815 brevitatis
1239 751 1315 813 stu-

264 875 367 943 dium
401 880 441 943 ut
472 874 530 943 vei
563 874 642 962 ipsa
676 873 948 940 monachorum
980 873 1133 943 nomina
1166 895 1250 962 quae
1277 873 1315 940 in

261 1008 437 1093 promptu
457 1008 534 1070 erat
554 1002 677 1085 citare,
701 1001 928 1090 negligeret?
948 1000 1181 1089 Responde0,
1200 1001 1315 1089 ipsius

260 1128 503 1217 Petschenigii
536 1126 657 1196 verbis
685 1122 811 1211 fretus,
841 1127 1028 1195 Victorem
1061 1148 1137 1194 non
1169 1148 1315 1217 semper

260 1262 438 1345 martyres
458 1256 610 1323 nomine
630 1230 912 1343 nuncupavisse,
933 1258 1043 1343 atque
1063 1259 1103 1321 ut
1122 1276 1239 1323 unum
1258 1255 1314 1322 in-

260 1387 315 1450 ter
337 1385 391 1448 tot
419 1380 587 1468 exempla
608 1401 765 1464 sumam,
793 1379 909 1469 Aquae
929 1380 1050 1469 Regiae
1070 1381 1224 1448 fratrum
1246 1402 1314 1448 no-

259 1508 360 1575 mina
380 1507 560 1575 omisisse.
583 1505 692 1574 Dices
710 1527 798 1574 vero
822 1528 828 1572 :
850 1506 961 1575 vetita
975 1513 1079 1574 erant
1098 1506 1160 1574 1113
1173 1513 1311 1597 marty·

259 1656 342 1703 rum
369 1635 510 1719 funera,
538 1639 577 1701 ut
606 1655 650 1702 ex
676 1633 822 1703 Victore
855 1639 1087 1721 compertum
1115 1635 1308 1702 habemus
1405 1684 1407 1689 ·

259 1761 357 1831 Esto.
379 1762 582 1830 Affirmaho
608 1767 734 1829 tamen
758 1761 971 1845 catholicos
1003 1783 1088 1830 cum
1117 1783 1311 1850 nunquam

259 1890 444 1959 Hunerico
476 1892 657 1958 cervicem
684 1891 951 1973 submisissent,
980 1895 1193 1978 contempto
1218 1889 1312 1979 regis

255 2019 373 2107 jussu,
401 2039 594 2106 supremos
624 2018 784 2085 honores
814 2018 1007 2085 monachis
1039 2023 1115 2085 tam
1144 2018 1239 2085 hene
1268 2016 1314 2084 de

259 2145 457 2213 christiana
481 2144 657 2233 religione
686 2145 838 2228 meritis,
861 2145 900 2210 in
919 2144 1071 2232 publico
1092 2141 1309 2227 reddidisse,

260 2278 295 2341 et
324 2272 476 2340 fortasse
503 2271 590 2339 inde
617 2293 753 2340 novam
782 2272 864 2339 illos
888 2271 1134 2361 persequendi
1163 2292 1313 2340 eausam

259 2402 305 2469 ab
326 2399 512 2468 Hunerico
533 2401 738 2490 quaesitam.

304 2658 395 2743 Quae
415 2679 501 2727 cum
520 2659 570 2727 ita
590 2659 678 2744 sint,
701 2679 786 2726 cum
807 2659 922 2727 multa
942 2660 1038 2727 inter
1057 2658 1257 2727 Historiam
1278 2665 1312 2728 et

258 2786 474 2854 Passionem
512 2785 757 2874 discrepantia
794 2787 1069 2876 Petschenigius
1110 2788 1308 2872 invenerit,

257 2914 440 3007 illustrare
464 2913 653 3002 aggrediar
677 2934 718 2982 ea
744 2915 878 3002 quibus
903 2915 983 2982 haec
1007 2915 1185 3003 opuscula
1205 2916 1309 2983 stric-

257 3042 397 3109 tissime
416 3041 511 3108 inter
531 3063 568 3108 se
589 3041 775 3109 cohaerere
794 3042 886 3109 mihi
902 3041 1085 3110 videntur.

300 3168 342 3233 ln
362 3166 548 3234 Passionis
567 3167 672 3234 initio
693 3166 738 3233 de
758 3167 900 3235 famoso
925 3168 988 3235 illo
1014 3168 1135 3256 Cyrila
1155 3170 1309 3257 quaestio

257 3298 310 3360 est
326 3292 389 3381 qui
405 3292 454 3359 ita
470 3290 656 3358 Hunerico
672 3292 786 3358 utitur
801 3296 840 3359 ut
857 3290 1017 3358 debilem
1033 3293 1126 3381 regis
1142 3293 1309 3360 animum

255 3417 488 3485 subvolaret
509 3416 667 3484 obtineat
692 3416 846 3506 (Passio,
869 3415 917 3505 2).
949 3416 1042 3484 Cum
1066 3416 1229 3506 hisquae
1254 3417 1310 3484 di-

256 3551 389 3613 cuntur
408 3543 455 3612 de
474 3544 537 3611 illo
552 3543 774 3611 Arianorum
795 3545 968 3632 episcopo
985 3545 1110 3612 confer
1125 3546 1205 3613 haec
1225 3567 1308 3635 quae

256 3672 336 3761 lego
366 3672 404 3738 in
423 3671 579 3741 Victoris
600 3670 759 3738 Historia
790 3670 864 3761 (Ill,
886 3671 968 3760 42):
1058 3672 1123 3740 1110
1153 3678 1310 3762 tempore

256 3800 340 3889 (sub
359 3800 433 3866 fine
453 3799 553 3887 regni
575 3797 766 3887 Huneriei)
786 3799 963 3865 crudelius
979 3798 1203 3867 ι1110110111111
1223 3800 1310 3890 epis-

256 3925 375 4015 copi...
417 3945 498 3992 curn
527 3945 608 4013 reqe
638 3928 669 3990 et
706 3923 873 3992 Vandalis
902 3924 1105 3992 soeoiebunt.
1134 3927 1227 3995 Nam
1262 3928 1311 3995 (111

252 4050 538 4143 persequendum
563 4049 629 4139 ipsi
654 4070 736 4117 cum
764 4049 836 4117 suis
865 4050 998 4118 clericis
1026 4050 1155 4139 ubique
1179 4053 1310 4142 91011111·

256 4178 408 4248 accincti
428 4174 631 4246 currebant.

302 4303 414 4396 Magis
444 4323 486 4371 ac
520 4301 635 4394 magis
664 4301 763 4372 enim
796 4301 1003 4373 Hunericus
1044 4302 1189 4375 Arianis
1222 4311 1310 4379 tunc
