3142 5084
643 372 804 435 ..11-

197 550 272 613 tum
290 549 323 611 ct
338 542 614 634 prouinciarum
630 546 664 610 et
679 541 829 611 Librum
844 542 928 631 fidei
948 542 1133 613 Hunerico
1150 544 1251 613 obla·

196 677 276 741 tum
297 672 420 740 hahet.
803 656 806 661 ’

242 786 350 869 Sexto
362 799 508 869 decimo
520 799 656 868 saeculo
670 797 827 869 Victoris
838 799 1002 885 historia,
1016 800 1084 868 sub
1095 799 1251 870 Victoris

201 929 366 1001 Uticensis
391 929 555 1014 nomine,
581 926 679 996 edita
706 933 784 1014 est3
816 926 881 996 sed
905 916 1041 997 saeculo
1068 928 1249 1017 sequenti,

198 1058 401 1128 doctissimi
411 1057 481 1125 viri
495 1056 666 1125 Baluzius
678 1061 713 1125 et
728 1055 944 1142 chiffletius,
957 1055 1150 1125 historiam
1164 1077 1251 1124 vero

197 1187 350 1271 auctori,
377 1185 514 1254 Victori
539 1184 671 1275 putrioe
702 1183 845 1254 Vitensis
879 1185 1053 1274 episcopo
1085 1185 1253 1253 restitue-

197 1319 294 1383 runt.
321 1312 438 1382 Fuere
460 1313 586 1403 plures
612 1312 722 1400 hujus
741 1312 826 1380 libri
851 1311 1039 1393 editiones*
1052 1334 1136 1401 quae
1160 1317 1253 1382 tem-

197 1461 334 1530 porum
356 1436 487 1506 ordine
507 1442 592 1506 sunt
611 1437 873 1507 recensendae:

242 1566 278 1634 κ)
300 1560 423 1633 Editio
443 1566 616 1655 princeps
635 1565 802 1635 Parisina
821 1567 954 1635 alano
975 1567 1093 1637 Parvo
1116 1568 1249 1659 (Jehan

198 1692 319 1783 Petit),
336 1693 473 1761 saeculo
489 1713 538 1760 xu
553 1693 745 1782 impressa,
763 1716 836 1783 qua
852 1700 1071 1784 apparatum
1086 1695 1254 1764 criticum

199 1840 238 1887 se
260 1838 433 1886 onerasse
453 1816 621 1886 Halmius
640 1818 774 1886 fatetur
793 1818 855 1910 (1).

240 1945 278 2012 2⁰
306 1943 429 2012 Editio
455 1944 557 2012 Beati
585 1944 754 2013 Rhenani
780 1943 961 2035 (Basileae‚
995 1967 1094 2014 anno
1128 1946 1251 2038 1535),

204 2068 298 2138 falso
318 2075 358 2137 ut
377 2069 489 2138 editio
509 2070 682 2159 princeps
703 2069 767 2139 diu
786 2071 923 2140 habita.

243 2194 280 2262 30
298 2194 421 2263 Editio
437 2194 639 2264 Reinhardi
654 2194 816 2263 Loriohii
832 2193 1013 2285 (Coloniae
1028 2194 1252 2287 Agrippinae,
1347 2231 1355 2239 ·

201 2321 315 2414 1537).

242 2452 279 2520 4ο
297 2450 420 2518 Altera
436 2447 602 2538 ejusdem
622 2447 803 2538 (Basileae,
823 2448 923 2533 1541,
946 2447 1045 2537 apud
1065 2448 1255 2518 Bartholo-

200 2600 340 2647 maeum
360 2575 685 2666 Westhemerum).

242 2703 279 2772 5Ο
301 2702 424 2772 Editio
444 2702 628 2770 Francisci
649 2700 833 2787 Balduini‚
857 2701 1113 2790 jurisconsulti
1133 2702 1255 2791 quiin

201 2832 395 2900 historiam
416 2828 590 2898 Ecclesiae
610 2830 782 2898 africanae
798 2827 1055 2897 illustrandam
1071 2850 1256 2897 summam

199 2978 328 3027 curam
349 2954 543 3044 impendit.
565 2954 662 3045 (Vid.
685 2955 822 3043 Dupin.
852 2979 858 3023 :
885 2952 1118 3024 Monumentu
1138 2961 1255 3024 veteru

201 3085 250 3152 ud
258 3082 533 3152 Donustiturum
542 3081 731 3150 historiam
736 3081 964 3172 pertinentia,
978 3082 1140 3166 Parisii5‚
1153 3081 1252 3167 1700,

199 3212 368 3303 in-folio).
391 3210 479 3280 Haec
497 3211 653 3279 Victoris
672 3211 831 3279 Vitensis
852 3210 964 3279 editio
986 3212 1254 3279 commentario

199 3343 373 3406 exornata
392 3336 540 3405 Parisiis
560 3337 599 3403 in
618 3336 740 3404 lucem
759 3335 908 3425 prodiit,
927 3358 1026 3403 anno
1048 3335 1146 3404 1569.

247 3467 284 3534 60
302 3464 425 3533 Editio
445 3464 655 3553 Margarinii
672 3464 790 3554 Bignii
801 3463 999 3554 (Margarin
1015 3463 1061 3532 de
1076 3464 1111 3531 la
1126 3463 1255 3556 Bigne)

200 3595 239 3661 in
253 3593 476 3662 Bibliotheca
494 3593 648 3661 Putrum
663 3592 834 3683 (in-folio,
849 3591 1010 3677 Parisiis,
1033 3591 1147 3683 1576),
1171 3615 1254 3682 quae

198 3722 323 3813 plures
346 3726 468 3790 tomos
487 3721 599 3790 habet
618 3726 653 3789 et
668 3722 707 3789 in
726 3722 913 3810 plerisque
939 3722 1173 3791 bibliothecis
1188 3743 1255 3810 pu-

200 3844 307 3914 blicis
326 3865 426 3913 nunc
446 3850 573 3915 exstat.

244 3973 281 4040 70
299 3972 421 4041 Editio
442 3972 626 4043 Francisci
643 3972 815 4042 Chiffletii
836 3974 1020 4064 (Didone,
1045 3975 1157 4066 1661).

234 4257 267 4319 (1)
286 4258 363 4319 Opere
379 4257 450 4306 citato
468 4257 595 4319 (prelatio,
609 4258 655 4320 lx).
