3142 5084
701 427 882 489 -172-

259 617 336 663 non
360 594 548 664 effundere
575 595 792 685 nequiverit.
814 594 856 662 In
882 594 1007 662 medio
1029 616 1154 663 rerum
1179 600 1325 684 specta-

258 724 354 808 culo,
377 730 416 791 ut
440 725 623 813 inpugna
653 723 770 807 mileS,
792 724 946 811 positus,
982 745 1043 791 eas
1073 722 1173 790 haud
1207 722 1318 791 facile

258 857 402 940 poterat
430 851 510 918 aliis
539 871 652 939 quam
684 871 777 938 quos
810 870 916 916 mens
952 849 1106 915 excitata
1138 844 1322 914 suadebat

260 978 458 1061 coloribus,
478 976 687 1066 depingere.

303 1105 419 1173 Venia
449 1105 559 1194 igitur
581 1103 800 1171 donandum
824 1101 921 1170 duco
946 1102 1144 1185 Victorem,
1172 1108 1207 1169 et
1230 1100 1320 1168 ideo

257 1230 463 1318 praesertim
484 1227 584 1317 quod
606 1251 650 1296 ex
664 1229 709 1295 iis
730 1249 813 1316 quae
834 1234 910 1294 lam
929 1227 1102 1294 atrociter
1116 1227 1317 1310 enarravit,

258 1377 335 1423 non
356 1356 480 1423 minus
500 1377 612 1443 quam
640 1376 683 1421 ex
707 1336 866 1422 aliorum
893 1355 1115 1442 scriptorum
1140 1352 1320 1441 operibus

259 1483 322 1570 qui
343 1481 545 1549 Galliarum
567 1488 601 1548 et
620 1481 884 1570 Hispaniarum
908 1481 1154 1548 vastationem
1180 1480 1320 1547 retule-

258 1614 355 1694 runt,
378 1610 511 1677 veritas
533 1611 674 1677 sincera
696 1611 866 1699 emergit,
895 1616 1016 1697 atquc,
1040 1613 1213 1676 narrante
1235 1608 1320 1676 Vic-

258 1743 348 1823 tore,
371 1715 502 1806 revera
519 1742 752 1826 compertum
776 1737 957 1804 habemus
984 1735 1090 1803 Afros
1112 1756 1259 1803 summa
1280 1737 1319 1803 vi

259 1871 307 1956 et¹
323 1864 469 1933 assidue
493 1863 669 1934 Vandalis
698 1864 866 1946 obnixos
898 1863 1024 1930 omnia
1050 1883 1133 1951 quae
1158 1868 1319 1950 possunt

257 1992 452 2081 excogitari
468 1991 567 2058 mala
583 1991 738 2057 tolerare
753 1989 935 2057 debuisse.

299 2119 376 2187 Nec
396 2117 493 2184 dicat
509 2117 644 2205 aliquis
655 2116 841 2184 Victorem
854 2116 1059 2205 quidquam
1075 2115 1166 2183 falso
1178 2114 1318 2182 dixisse

259 2249 321 2313 aut
342 2243 500 2311 dicendo
530 2244 823 2333 amplificavisse.
846 2244 941 2313 Nam
963 2243 1135 2333 quaedam
1155 2240 1318 2309 admira·

256 2373 357 2439 tione
378 2371 486 2460 digna
502 2370 627 2439 Victor
642 2373 754 2439 tacuit
770 2394 929 2460 quorum
951 2393 1019 2438 nos
1039 2371 1212 2438 certiores
1228 2369 1318 2437 fecit

257 2496 451 2586 Gregorius
466 2495 692 2563 Turonensis
709 2498 773 2584 qui
791 2518 834 2564 ex
854 2496 1048 2586 divulgatis
1068 2517 1134 2584 per
1150 2494 1316 2562 Africam

254 2621 459 2710 Martyrum
471 2621 698 2710 passionibus
718 2622 905 2690 luculenta
921 2621 1144 2689 documenta
1162 2641 1315 2708 excerp-

254 2754 350 2816 serat
362 2748 413 2838 (1)
432 2770 439 2831 ;
461 2749 499 2814 in
514 2749 649 2836 quibus
664 2750 730 2815 viri
745 2750 1155 2837 nominanturquorum
1171 2770 1313 2817 nomen

255 2873 355 2963 apud
374 2873 561 2942 Victorem
585 2877 719 2944 frustra
739 2877 916 2966 requiras.
940 2876 1116 2959 Quinimo
1133 2899 1209 2944 non
1231 2899 1315 2945 om-

256 3001 317 3068 nia
333 3002 473 3090 egregia
498 3001 651 3091 Eugenii
673 3002 983 3091 Carthaginiensis
1001 3004 1166 3070 facinora
1186 2994 1315 3071 Victor

253 3127 377 3194 retulit
396 3127 458 3217 (2),
489 3150 705 3217 quanquam
725 3151 811 3197 eum
838 3151 1075 3219 summopere
1099 3130 1314 3198 admiraba-

254 3271 332 3351 tur3
366 3288 450 3355 quae
478 3267 643 3355 profecto
677 3289 754 3333 non
785 3267 1013 3356 neglexisset,
1044 3269 1073 3335 si
1104 3266 1313 3357 quidquam

255 3396 426 3485 effingere
442 3400 504 3465 aut
520 3396 559 3461 in
579 3396 699 3483 majus
721 3395 893 3463 extollere
909 3396 1096 3464 voluisset.

298 3633 405 3701 Nunc
425 3633 528 3699 locus
549 3639 601 3699 est
616 3632 767 3700 videndi
783 3633 932 3720 qualem
945 3633 1041 3700 inter
1051 3632 1181 3701 Africae
1197 3635 1312 3722 scrip-

254 3765 351 3827 tores
381 3760 506 3826 locum
536 3759 661 3827 Victor
689 3761 864 3828 obtineat.
905 3760 1073 3829 Profecto
1109 3784 1194 3830 cum
1233 3784 1311 3830 non

256 3884 433 3954 dubitabo
460 3886 499 3952 in
528 3907 684 3953 numero
715 3908 843 3954 eorum
868 3908 1047 3976 reponere
1077 3888 1177 3979 apud
1202 3912 1309 3979 qnos,

287 4157 320 4220 ll)
340 4158 414 4220 Grog.
434 4158 492 4205 Tar.
513 4157 686 4208 instricta.
704 4162 734 4218 ll,
752 4175 804 4221 rap.
821 4163 844 4209 3.
858 4161 957 4212 Potrol.
974 4161 1027 4219 lat..
1042 4163 1118 4221 Llllll,
1134 4164 1182 4212 col.
1194 4164 1257 4215 770:

289 4233 321 4296 (l)
339 4234 368 4280 Ut
383 4232 407 4281 id
422 4233 500 4281 obitur
513 4234 600 4292 dicam,
615 4235 676 4282 nihil
690 4236 750 4284 dixit
768 4239 798 4285 do
812 4237 905 4298 direpta
921 4253 935 4286 a
955 4239 1071 4287 Vandalis
1092 4239 1200 4299 basilica,
1216 4239 1242 4287 in
1262 4256 1312 4302 qua

259 4308 291 4358 Sti
305 4308 417 4377 Cypriani
433 4309 543 4374 reliquiae
560 4311 621 4360 miro
638 4313 731 4362 honore
743 4314 885 4364 colebantur
901 4315 1040 4379 (Procopius
1054 4315 1140 4385 (opere
1156 4315 1233 4367 citato
1248 4316 1293 4380 ΙΙ),
