3142 5084
697 453 877 519 -179-,

255 621 445 705 haberent,
464 642 525 688 eas
544 621 583 687 in
603 619 735 688 iisdem
764 619 954 694 codicibus
983 618 1140 688 naturali
1160 618 1309 687 vinculo

257 748 470 816 consociare
486 747 557 814 illis
572 746 673 814 haud
688 746 892 814 absurdum
911 747 1032 815 visum
1053 751 1117 814 est.

301 869 453 939 Minoris
474 892 623 961 quoque
643 893 722 938 esse
742 872 921 939 momenti
935 870 1124 940 contendit
1139 870 1311 938 Petsche-

257 1001 376 1089 nigius
388 1000 484 1068 hanc
499 999 633 1088 linguae
646 981 928 1067 similitudinem
943 1021 1056 1088 quam
1073 1017 1151 1088 ego,
1167 1004 1206 1065 ut
1222 997 1311 1066 olim

239 1126 468 1211 ‘Ruinartus
491 1124 697 1215 argumenti
712 1123 795 1192 loco
810 1123 1026 1213 ponendam
1041 1144 1186 1192 censeo.
1204 1122 1313 1190 Haud

257 1249 406 1335 infitior,
425 1254 465 1316 ut
483 1249 621 1337 passim
640 1249 680 1315 in
699 1248 768 1315 hac
789 1249 1101 1316 commentatione
1123 1247 1310 1332 annotavi,
1341 1277 1344 1283 ·

258 1377 432 1446 eumdem
443 1378 519 1446 fere
531 1376 679 1445 dicendi
692 1398 850 1462 morem,
867 1376 1017 1444 easdem
1032 1376 1115 1466 styli
1131 1375 1314 1472 ampullas

258 1528 341 1595 quae
361 1506 471 1574 simul
492 1511 526 1574 et
545 1507 584 1574 in
595 1504 754 1573 Historia
774 1510 808 1573 et
831 1507 869 1573 in
885 1506 1060 1573 Passione
1080 1503 1314 1572 animadver-

257 1636 396 1716 tuntur,
419 1653 550 1699 omnes
566 1631 766 1699 deteriores
789 1631 921 1699 Africae
941 1633 1137 1721 scriptores
1164 1631 1313 1699 affecta-

257 1759 364 1828 visse.
387 1759 628 1827 Inveniuntur
655 1780 742 1827 vero
772 1759 811 1825 in
830 1758 1006 1826 Passione
1036 1757 1209 1847 quaedam
1229 1778 1313 1846 quae

257 1885 394 1954 Victori
413 1886 613 1975 peculiaria
633 1892 738 1972 sunt,
761 1884 862 1975 quod
891 1886 921 1952 si
941 1884 1115 1973 quaedam
1145 1884 1215 1952 alia
1237 1883 1309 1951 dis-

258 2019 420 2102 crepant,
444 2015 526 2103 quis
541 2015 695 2081 miretur
714 2014 932 2103 scriptorem
943 2012 1074 2081 eadem
1088 2034 1164 2080 non
1181 2011 1313 2081 eodem

259 2141 373 2209 modo
393 2162 540 2230 semper
560 2140 721 2209 dixisset

275 2318 280 2323 >
303 2267 360 2352 At,
382 2289 468 2335 cum
482 2267 543 2335 illa
560 2267 642 2356 styli
656 2269 761 2356 quasi
774 2269 943 2357 cognatio
960 2269 1084 2358 negari
1096 2289 1172 2335 non
1183 2265 1311 2355 possit,

260 2392 535 2482 Petschenigius
554 2392 712 2460 affirmat
732 2393 914 2460 incertum
925 2399 1115 2461 auctorem
1129 2390 1314 2466 adVicto-

260 2519 309 2587 ris
334 2519 553 2587 elocutionis
572 2519 772 2608 imaginem
801 2519 1017 2587 Passionem
1047 2517 1313 2606 composuisse.

260 2641 351 2726 Quae
371 2665 481 2711 causa
508 2644 617 2711 fuerit
637 2665 702 2710 cur
722 2644 879 2731 scriptor
899 2643 1053 2732 quidam
1082 2665 1191 2711 suum
1221 2664 1315 2730 opus

261 2767 322 2835 alii
333 2768 482 2835 attribui
498 2768 655 2837 voluerit
669 2790 745 2835 non
762 2767 884 2854 video,
904 2790 989 2836 cum
1003 2790 1125 2858 neque
1144 2768 1233 2836 utile
1250 2789 1318 2835 nec

260 2894 462 2983 gloriosum
483 2900 577 2962 esset
595 2895 794 2980 Victorem,
818 2900 945 2985 utpote
960 2896 1188 2964 mediocrem
1203 2896 1318 2963 histo·

261 3023 399 3090 riarum
420 3023 636 3113 scriptorem
657 3022 836 3108 aemulari,
872 3023 1071 3113 liceretque
1095 3025 1175 3092 sine
1209 3021 1319 3091 laude

262 3168 367 3237 opus,
390 3147 492 3215 nullo
513 3148 673 3216 auctoris
688 3148 864 3237 inscripto
887 3151 1051 3234 nomine,
1074 3150 1113 3217 in
1128 3149 1320 3240 publicum

263 3273 384 3343 edere.

305 3402 390 3471 Non
409 3408 485 3469 tam
519 3402 626 3470 exilia
655 3409 740 3470 sunt
759 3408 980 3492 argumenta
1008 3425 1091 3492 quae
1111 3403 1322 3473 Petscheni-

264 3528 343 3616 gius
361 3528 500 3617 profert
530 3549 575 3595 ex
598 3530 707 3596 rebus
728 3551 820 3618 quas
853 3530 892 3596 in
911 3529 1087 3598 Passione
1116 3537 1155 3599 ut
1174 3534 1316 3601 veritati

264 3661 509 3744 repugnantes
521 3655 742 3731 considerat.
765 3656 880 3745 Negat
894 3657 1078 3747 imprimis
1093 3657 1322 3728 Hunericum

263 3782 387 3850 furore
418 3784 594 3851 exarsisse
627 3783 728 3872 quod
757 3790 898 3874 septem
930 3787 1147 3871 monachoS,
1170 3786 1260 3856 dum
1280 3789 1321 3856 in

264 3907 421 3976 vinculis
433 3907 651 3997 Carthagine
672 3914 804 3993 essent,
819 3909 1104 3978 christianorum
1124 3911 1322 3980 multitudo

264 4035 562 4123 frequentissime
582 4037 756 4104 salutaret
783 4059 791 4122 3
828 4058 902 4125 quo
929 4044 1054 4106 tamen
1085 4039 1178 4107 nihil
1208 4040 1323 4129 magis

265 4164 408 4231 veritati
429 4169 721 4232 consentaneum
736 4164 893 4250 videtur,
911 4165 1163 4235 Vandalorum
1174 4189 1232 4235 res
1247 4186 1324 4256 ges-

266 4295 321 4358 tas
351 4293 638 4382 recognoscenti.
672 4293 844 4383 Legimus
872 4315 970 4384 saepe
1009 4293 1109 4384 apud
1136 4295 1322 4364 Victorem
