<?xml version="1.0" encoding="UTF-8"?>
<!DOCTYPE html PUBLIC "-//W3C//DTD XHTML 1.0 Transitional//EN"
    "http://www.w3.org/TR/xhtml1/DTD/xhtml1-transitional.dtd">
<html xmlns="http://www.w3.org/1999/xhtml" xml:lang="en" lang="en">
 <head>
  <title>
</title>
<meta http-equiv="Content-Type" content="text/html;charset=utf-8" />
  <meta name='ocr-system' content='tesseract 3.04.00' />
  <meta name='ocr-capabilities' content='ocr_page ocr_carea ocr_par ocr_line ocrx_word'/>
</head>
<body>
  <div class='ocr_page' id='page_1' title='image "./devictorisviten00ferrgoog_0069.png"; bbox 0 0 3142 5084; ppageno 0'>
   <div class='ocr_carea' id='block_1_1' title="bbox 758 386 918 448">
    <p class='ocr_par' dir='ltr' id='par_1_1' title="bbox 758 386 918 448">
     <span class='ocr_line' id='line_1_1' title="bbox 758 386 918 448; baseline -0.013 -14"><span class='ocrx_word' id='word_1_1' title='bbox 758 386 918 448; x_wconf 73' lang='lat'>..60-</span> 
     </span>
    </p>
   </div>
   <div class='ocr_carea' id='block_1_2' title="bbox 313 553 1364 643">
    <p class='ocr_par' dir='ltr' id='par_1_2' title="bbox 313 553 1364 643">
     <span class='ocr_line' id='line_1_2' title="bbox 313 553 1364 643; baseline 0 -21"><span class='ocrx_word' id='word_1_2' title='bbox 313 554 438 630; x_wconf 82' lang='lat' dir='ltr'>extulit</span> <span class='ocrx_word' id='word_1_3' title='bbox 458 555 497 621; x_wconf 94' lang='lat' dir='ltr'>in</span> <span class='ocrx_word' id='word_1_4' title='bbox 517 555 648 643; x_wconf 62' lang='lat' dir='ltr'>majus</span> <span class='ocrx_word' id='word_1_5' title='bbox 671 559 707 621; x_wconf 91' lang='lat' dir='ltr'>at</span> <span class='ocrx_word' id='word_1_6' title='bbox 727 559 854 622; x_wconf 89' lang='lat' dir='ltr'>contra</span> <span class='ocrx_word' id='word_1_7' title='bbox 874 555 996 622; x_wconf 90' lang='lat' dir='ltr'>verbis</span> <span class='ocrx_word' id='word_1_8' title='bbox 1021 575 1109 622; x_wconf 90' lang='lat' dir='ltr'>usus</span> <span class='ocrx_word' id='word_1_9' title='bbox 1134 559 1187 621; x_wconf 89' lang='lat' dir='ltr'>est</span> <span class='ocrx_word' id='word_1_10' title='bbox 1212 576 1295 643; x_wconf 91' lang='lat' dir='ltr'>quae</span> <span class='ocrx_word' id='word_1_11' title='bbox 1316 553 1364 622; x_wconf 94' lang='lat' dir='ltr'>ad</span> 
     </span>
    </p>
   </div>
   <div class='ocr_carea' id='block_1_3' title="bbox 206 670 1365 772">
    <p class='ocr_par' dir='ltr' id='par_1_3' title="bbox 206 670 1365 772">
     <span class='ocr_line' id='line_1_3' title="bbox 206 670 1365 772; baseline 0.001 -23"><span class='ocrx_word' id='word_1_12' title='bbox 206 690 210 705; x_wconf 74' lang='lat'><strong>²</strong></span> <span class='ocrx_word' id='word_1_13' title='bbox 312 702 354 749; x_wconf 92' lang='lat' dir='ltr'>ea</span> <span class='ocrx_word' id='word_1_14' title='bbox 375 702 458 772; x_wconf 92' lang='lat' dir='ltr'>quae</span> <span class='ocrx_word' id='word_1_15' title='bbox 479 702 500 748; x_wconf 93' lang='lat' dir='ltr'>a</span> <span class='ocrx_word' id='word_1_16' title='bbox 523 680 706 769; x_wconf 86' lang='lat' dir='ltr'>Procopio</span> <span class='ocrx_word' id='word_1_17' title='bbox 734 679 946 765; x_wconf 87' lang='lat' dir='ltr'>dictasunt,</span> <span class='ocrx_word' id='word_1_18' title='bbox 969 670 1062 749; x_wconf 88' lang='lat' dir='ltr'>mire</span> <span class='ocrx_word' id='word_1_19' title='bbox 1082 688 1299 750; x_wconf 83' lang='lat' dir='ltr'>consonant.</span> <span class='ocrx_word' id='word_1_20' title='bbox 1321 682 1365 750; x_wconf 92' lang='lat' dir='ltr'>ln</span> 
     </span>
    </p>
   </div>
   <div class='ocr_carea' id='block_1_4' title="bbox 308 807 1367 4068">
    <p class='ocr_par' dir='ltr' id='par_1_4' title="bbox 308 807 1367 3938">
     <span class='ocr_line' id='line_1_4' title="bbox 311 807 1363 898; baseline 0.001 -22"><span class='ocrx_word' id='word_1_21' title='bbox 311 809 411 878; x_wconf 91' lang='lat' dir='ltr'>hunc</span> <span class='ocrx_word' id='word_1_22' title='bbox 426 807 581 876; x_wconf 91' lang='lat' dir='ltr'>modum</span> <span class='ocrx_word' id='word_1_23' title='bbox 601 809 701 877; x_wconf 91' lang='lat' dir='ltr'>enim</span> <span class='ocrx_word' id='word_1_24' title='bbox 720 809 923 898; x_wconf 86' lang='lat' dir='ltr'>Procopius</span> <span class='ocrx_word' id='word_1_25' title='bbox 937 808 982 877; x_wconf 94' lang='lat' dir='ltr'>de</span> <span class='ocrx_word' id='word_1_26' title='bbox 997 810 1164 877; x_wconf 91' lang='lat' dir='ltr'>virorum</span> <span class='ocrx_word' id='word_1_27' title='bbox 1179 809 1363 877; x_wconf 90' lang='lat' dir='ltr'>nobilium</span> 
     </span>
     <span class='ocr_line' id='line_1_5' title="bbox 310 935 1364 1026; baseline -0.002 -21"><span class='ocrx_word' id='word_1_28' title='bbox 310 937 503 1005; x_wconf 82' lang='lat' dir='ltr'>vexatione</span> <span class='ocrx_word' id='word_1_29' title='bbox 523 937 689 1026; x_wconf 91' lang='lat' dir='ltr'>loquitur</span> <span class='ocrx_word' id='word_1_30' title='bbox 703 936 755 1026; x_wconf 81' lang='lat'>(1)</span> <span class='ocrx_word' id='word_1_31' title='bbox 782 959 788 1003; x_wconf 93' lang='lat'>:</span> <span class='ocrx_word' id='word_1_32' title='bbox 813 960 829 1004; x_wconf 73' lang='lat' dir='ltr'>&lt;c</span> <span class='ocrx_word' id='word_1_33' title='bbox 852 936 889 1004; x_wconf 91' lang='lat' dir='ltr'>Si</span> <span class='ocrx_word' id='word_1_34' title='bbox 905 939 968 1026; x_wconf 93' lang='lat' dir='ltr'>qui</span> <span class='ocrx_word' id='word_1_35' title='bbox 989 937 1085 1005; x_wconf 91' lang='lat' dir='ltr'>inter</span> <span class='ocrx_word' id='word_1_36' title='bbox 1103 935 1209 1004; x_wconf 86' lang='lat' dir='ltr'>Afros</span> <span class='ocrx_word' id='word_1_37' title='bbox 1229 936 1364 1004; x_wconf 91' lang='lat' dir='ltr'>nobili-</span> 
     </span>
     <span class='ocr_line' id='line_1_6' title="bbox 311 1063 1365 1153; baseline -0.001 -22"><span class='ocrx_word' id='word_1_38' title='bbox 311 1068 382 1132; x_wconf 93' lang='lat' dir='ltr'>tate</span> <span class='ocrx_word' id='word_1_39' title='bbox 403 1069 438 1131; x_wconf 94' lang='lat' dir='ltr'>et</span> <span class='ocrx_word' id='word_1_40' title='bbox 453 1065 586 1152; x_wconf 90' lang='lat' dir='ltr'>opibus</span> <span class='ocrx_word' id='word_1_41' title='bbox 605 1063 799 1148; x_wconf 84' lang='lat' dir='ltr'>florebant,</span> <span class='ocrx_word' id='word_1_42' title='bbox 822 1085 885 1131; x_wconf 93' lang='lat' dir='ltr'>eos</span> <span class='ocrx_word' id='word_1_43' title='bbox 905 1065 1146 1153; x_wconf 90' lang='lat' dir='ltr'>ipsorumque</span> <span class='ocrx_word' id='word_1_44' title='bbox 1170 1063 1365 1132; x_wconf 82' lang='lat' dir='ltr'>latifundia</span> 
     </span>
     <span class='ocr_line' id='line_1_7' title="bbox 311 1191 1366 1260; baseline 0 -1"><span class='ocrx_word' id='word_1_45' title='bbox 311 1213 354 1259; x_wconf 90' lang='lat' dir='ltr'>ac</span> <span class='ocrx_word' id='word_1_46' title='bbox 373 1213 452 1260; x_wconf 91' lang='lat' dir='ltr'>rem</span> <span class='ocrx_word' id='word_1_47' title='bbox 468 1212 620 1260; x_wconf 91' lang='lat' dir='ltr'>omnem</span> <span class='ocrx_word' id='word_1_48' title='bbox 634 1191 854 1259; x_wconf 84' lang='lat' dir='ltr'>familiarem</span> <span class='ocrx_word' id='word_1_49' title='bbox 870 1212 956 1259; x_wconf 91' lang='lat' dir='ltr'>cum</span> <span class='ocrx_word' id='word_1_50' title='bbox 971 1213 1083 1260; x_wconf 90' lang='lat' dir='ltr'>onere</span> <span class='ocrx_word' id='word_1_51' title='bbox 1103 1192 1287 1260; x_wconf 87' lang='lat' dir='ltr'>servitutis</span> <span class='ocrx_word' id='word_1_52' title='bbox 1302 1191 1366 1259; x_wconf 87' lang='lat' dir='ltr'>ad·</span> 
     </span>
     <span class='ocr_line' id='line_1_8' title="bbox 312 1317 1365 1410; baseline -0.001 -23"><span class='ocrx_word' id='word_1_53' title='bbox 312 1319 402 1387; x_wconf 82' lang='lat' dir='ltr'>dixit</span> <span class='ocrx_word' id='word_1_54' title='bbox 421 1319 507 1387; x_wconf 88' lang='lat' dir='ltr'>filiis</span> <span class='ocrx_word' id='word_1_55' title='bbox 527 1320 602 1387; x_wconf 93' lang='lat' dir='ltr'>suis</span> <span class='ocrx_word' id='word_1_56' title='bbox 617 1318 803 1389; x_wconf 91' lang='lat' dir='ltr'>Hunerico</span> <span class='ocrx_word' id='word_1_57' title='bbox 819 1325 854 1387; x_wconf 95' lang='lat' dir='ltr'>et</span> <span class='ocrx_word' id='word_1_58' title='bbox 870 1317 1075 1388; x_wconf 78' lang='lat' dir='ltr'>(lenzani...</span> <span class='ocrx_word' id='word_1_59' title='bbox 1093 1319 1207 1410; x_wconf 83' lang='lat' dir='ltr'>Agros</span> <span class='ocrx_word' id='word_1_60' title='bbox 1223 1320 1365 1387; x_wconf 87' lang='lat' dir='ltr'>caeteris</span> 
     </span>
     <span class='ocr_line' id='line_1_9' title="bbox 311 1444 1365 1535; baseline 0 -22"><span class='ocrx_word' id='word_1_61' title='bbox 311 1444 450 1513; x_wconf 85' lang='lat' dir='ltr'>ademit</span> <span class='ocrx_word' id='word_1_62' title='bbox 468 1445 576 1530; x_wconf 84' lang='lat' dir='ltr'>Afris,</span> <span class='ocrx_word' id='word_1_63' title='bbox 593 1446 776 1535; x_wconf 87' lang='lat' dir='ltr'>plurimos</span> <span class='ocrx_word' id='word_1_64' title='bbox 792 1466 879 1514; x_wconf 91' lang='lat' dir='ltr'>sane</span> <span class='ocrx_word' id='word_1_65' title='bbox 896 1451 931 1514; x_wconf 92' lang='lat' dir='ltr'>et</span> <span class='ocrx_word' id='word_1_66' title='bbox 945 1447 1119 1535; x_wconf 90' lang='lat' dir='ltr'>optimos,</span> <span class='ocrx_word' id='word_1_67' title='bbox 1137 1468 1179 1515; x_wconf 92' lang='lat' dir='ltr'>ac</span> <span class='ocrx_word' id='word_1_68' title='bbox 1189 1444 1365 1515; x_wconf 88' lang='lat' dir='ltr'>Vandalis</span> 
     </span>
     <span class='ocr_line' id='line_1_10' title="bbox 311 1571 1366 1643; baseline 0.002 -4"><span class='ocrx_word' id='word_1_69' title='bbox 311 1571 460 1641; x_wconf 89' lang='lat' dir='ltr'>divisit:</span> <span class='ocrx_word' id='word_1_70' title='bbox 484 1574 583 1642; x_wconf 90' lang='lat' dir='ltr'>unde</span> <span class='ocrx_word' id='word_1_71' title='bbox 603 1574 857 1643; x_wconf 89' lang='lat' dir='ltr'>Vandalorum</span> <span class='ocrx_word' id='word_1_72' title='bbox 872 1580 981 1643; x_wconf 81' lang='lat' dir='ltr'>sortes</span> <span class='ocrx_word' id='word_1_73' title='bbox 1004 1576 1217 1643; x_wconf 84' lang='lat' dir='ltr'>etiamnunc</span> <span class='ocrx_word' id='word_1_74' title='bbox 1231 1594 1366 1643; x_wconf 91' lang='lat' dir='ltr'>vocan-</span> 
     </span>
     <span class='ocr_line' id='line_1_11' title="bbox 310 1697 1365 1789; baseline -0.001 -23"><span class='ocrx_word' id='word_1_75' title='bbox 310 1704 380 1766; x_wconf 92' lang='lat' dir='ltr'>tur.</span> <span class='ocrx_word' id='word_1_76' title='bbox 402 1697 572 1766; x_wconf 86' lang='lat' dir='ltr'>Redactis</span> <span class='ocrx_word' id='word_1_77' title='bbox 592 1698 640 1767; x_wconf 91' lang='lat' dir='ltr'>ad</span> <span class='ocrx_word' id='word_1_78' title='bbox 660 1721 847 1768; x_wconf 89' lang='lat' dir='ltr'>summam</span> <span class='ocrx_word' id='word_1_79' title='bbox 867 1701 1033 1789; x_wconf 92' lang='lat' dir='ltr'>inopiam</span> <span class='ocrx_word' id='word_1_80' title='bbox 1056 1700 1240 1768; x_wconf 90' lang='lat' dir='ltr'>veteribus</span> <span class='ocrx_word' id='word_1_81' title='bbox 1269 1718 1365 1787; x_wconf 92' lang='lat' dir='ltr'>prae-</span> 
     </span>
     <span class='ocr_line' id='line_1_12' title="bbox 311 1826 1366 1925; baseline 0 -31"><span class='ocrx_word' id='word_1_82' title='bbox 311 1827 459 1895; x_wconf 91' lang='lat' dir='ltr'>diorum</span> <span class='ocrx_word' id='word_1_83' title='bbox 488 1826 662 1925; x_wconf 85' lang='lat' dir='ltr'>dominis,</span> <span class='ocrx_word' id='word_1_84' title='bbox 692 1831 832 1895; x_wconf 91' lang='lat' dir='ltr'>retenta</span> <span class='ocrx_word' id='word_1_85' title='bbox 861 1828 1041 1912; x_wconf 89' lang='lat' dir='ltr'>libertate,</span> <span class='ocrx_word' id='word_1_86' title='bbox 1076 1828 1258 1917; x_wconf 91' lang='lat' dir='ltr'>integrum</span> <span class='ocrx_word' id='word_1_87' title='bbox 1289 1831 1366 1894; x_wconf 89' lang='lat' dir='ltr'>erat</span> 
     </span>
     <span class='ocr_line' id='line_1_13' title="bbox 311 1953 1365 2044; baseline -0.002 -21"><span class='ocrx_word' id='word_1_88' title='bbox 311 1977 385 2044; x_wconf 92' lang='lat' dir='ltr'>quo</span> <span class='ocrx_word' id='word_1_89' title='bbox 395 1955 537 2023; x_wconf 90' lang='lat' dir='ltr'>luberet</span> <span class='ocrx_word' id='word_1_90' title='bbox 552 1954 769 2023; x_wconf 89' lang='lat' dir='ltr'>accedere...</span> <span class='ocrx_word' id='word_1_91' title='bbox 783 1954 840 2024; x_wconf 88' lang='lat' dir='ltr'>Sic</span> <span class='ocrx_word' id='word_1_92' title='bbox 854 1953 961 2044; x_wconf 81' lang='lat' dir='ltr'>Afros</span> <span class='ocrx_word' id='word_1_93' title='bbox 977 1955 1099 2024; x_wconf 88' lang='lat' dir='ltr'>omnia</span> <span class='ocrx_word' id='word_1_94' title='bbox 1115 1953 1365 2023; x_wconf 85' lang='lat' dir='ltr'>calamitatum</span> 
     </span>
     <span class='ocr_line' id='line_1_14' title="bbox 308 2080 1361 2172; baseline -0.002 -22"><span class='ocrx_word' id='word_1_95' title='bbox 308 2103 440 2172; x_wconf 76' lang='lat' dir='ltr'>genera</span> <span class='ocrx_word' id='word_1_96' title='bbox 455 2082 771 2150; x_wconf 78' lang='lat' dir='ltr'>circumvenerant.</span> <span class='ocrx_word' id='word_1_97' title='bbox 794 2104 811 2147; x_wconf 77' lang='lat' dir='ltr'>n</span> <span class='ocrx_word' id='word_1_98' title='bbox 834 2081 898 2149; x_wconf 91' lang='lat' dir='ltr'>His</span> <span class='ocrx_word' id='word_1_99' title='bbox 912 2081 1008 2150; x_wconf 91' lang='lat' dir='ltr'>adde</span> <span class='ocrx_word' id='word_1_100' title='bbox 1019 2104 1103 2172; x_wconf 92' lang='lat' dir='ltr'>quae</span> <span class='ocrx_word' id='word_1_101' title='bbox 1118 2084 1158 2149; x_wconf 92' lang='lat' dir='ltr'>in</span> <span class='ocrx_word' id='word_1_102' title='bbox 1174 2080 1361 2150; x_wconf 91' lang='lat' dir='ltr'>Chronico</span> 
     </span>
     <span class='ocr_line' id='line_1_15' title="bbox 311 2206 1365 2298; baseline -0.001 -22"><span class='ocrx_word' id='word_1_103' title='bbox 311 2209 470 2298; x_wconf 88' lang='lat' dir='ltr'>Prosper</span> <span class='ocrx_word' id='word_1_104' title='bbox 491 2206 579 2275; x_wconf 90' lang='lat' dir='ltr'>dicit</span> <span class='ocrx_word' id='word_1_105' title='bbox 604 2231 610 2274; x_wconf 91' lang='lat'><strong>:</strong></span> <span class='ocrx_word' id='word_1_106' title='bbox 643 2231 659 2274; x_wconf 80' lang='lat' dir='ltr'>a</span> <span class='ocrx_word' id='word_1_107' title='bbox 685 2208 902 2276; x_wconf 89' lang='lat' dir='ltr'>Gensericus</span> <span class='ocrx_word' id='word_1_108' title='bbox 916 2209 995 2276; x_wconf 89' lang='lat' dir='ltr'>Xlll</span> <span class='ocrx_word' id='word_1_109' title='bbox 1015 2209 1192 2277; x_wconf 90' lang='lat' dir='ltr'>kalendas</span> <span class='ocrx_word' id='word_1_110' title='bbox 1212 2228 1365 2276; x_wconf 91' lang='lat' dir='ltr'>novem·</span> 
     </span>
     <span class='ocr_line' id='line_1_16' title="bbox 311 2334 1364 2424; baseline -0.002 -22"><span class='ocrx_word' id='word_1_111' title='bbox 311 2336 395 2402; x_wconf 89' lang='lat' dir='ltr'>bres</span> <span class='ocrx_word' id='word_1_112' title='bbox 416 2334 674 2423; x_wconf 83' lang='lat' dir='ltr'>Carthaginem</span> <span class='ocrx_word' id='word_1_113' title='bbox 701 2334 788 2402; x_wconf 94' lang='lat' dir='ltr'>dolo</span> <span class='ocrx_word' id='word_1_114' title='bbox 810 2336 912 2424; x_wconf 86' lang='lat' dir='ltr'>pacis</span> <span class='ocrx_word' id='word_1_115' title='bbox 934 2335 1086 2419; x_wconf 84' lang='lat' dir='ltr'>invadit,</span> <span class='ocrx_word' id='word_1_116' title='bbox 1117 2354 1246 2402; x_wconf 93' lang='lat' dir='ltr'>omnes</span> <span class='ocrx_word' id='word_1_117' title='bbox 1273 2354 1364 2422; x_wconf 92' lang='lat' dir='ltr'>opes</span> 
     </span>
     <span class='ocr_line' id='line_1_17' title="bbox 310 2461 1361 2551; baseline -0.002 -21"><span class='ocrx_word' id='word_1_118' title='bbox 310 2463 400 2551; x_wconf 74' lang='lat' dir='ltr'>ejus,</span> <span class='ocrx_word' id='word_1_119' title='bbox 414 2463 629 2530; x_wconf 85' lang='lat' dir='ltr'>excruciatis</span> <span class='ocrx_word' id='word_1_120' title='bbox 638 2461 783 2530; x_wconf 86' lang='lat' dir='ltr'>diverso</span> <span class='ocrx_word' id='word_1_121' title='bbox 792 2461 1361 2551; x_wconf 78' lang='lat' dir='ltr'>tormentorumgenerecivibuS,</span> 
     </span>
     <span class='ocr_line' id='line_1_18' title="bbox 308 2588 1364 2678; baseline -0.004 -20"><span class='ocrx_word' id='word_1_122' title='bbox 308 2591 348 2658; x_wconf 90' lang='lat' dir='ltr'>in</span> <span class='ocrx_word' id='word_1_123' title='bbox 362 2592 424 2678; x_wconf 75' lang='lat' dir='ltr'>Jus</span> <span class='ocrx_word' id='word_1_124' title='bbox 440 2612 549 2657; x_wconf 92' lang='lat' dir='ltr'>suum</span> <span class='ocrx_word' id='word_1_125' title='bbox 564 2590 712 2658; x_wconf 85' lang='lat' dir='ltr'>vertit...</span> <span class='ocrx_word' id='word_1_126' title='bbox 731 2591 770 2655; x_wconf 94' lang='lat' dir='ltr'>in</span> <span class='ocrx_word' id='word_1_127' title='bbox 785 2591 1000 2658; x_wconf 86' lang='lat' dir='ltr'>universum</span> <span class='ocrx_word' id='word_1_128' title='bbox 1011 2590 1143 2678; x_wconf 86' lang='lat' dir='ltr'>captivi</span> <span class='ocrx_word' id='word_1_129' title='bbox 1161 2588 1290 2678; x_wconf 92' lang='lat' dir='ltr'>populi</span> <span class='ocrx_word' id='word_1_130' title='bbox 1306 2609 1364 2654; x_wconf 91' lang='lat' dir='ltr'>or·</span> 
     </span>
     <span class='ocr_line' id='line_1_19' title="bbox 310 2714 1367 2811; baseline 0 -27"><span class='ocrx_word' id='word_1_131' title='bbox 310 2715 436 2784; x_wconf 89' lang='lat' dir='ltr'>dinem</span> <span class='ocrx_word' id='word_1_132' title='bbox 461 2737 592 2810; x_wconf 82' lang='lat' dir='ltr'>saevus,</span> <span class='ocrx_word' id='word_1_133' title='bbox 626 2715 691 2783; x_wconf 91' lang='lat' dir='ltr'>sed</span> <span class='ocrx_word' id='word_1_134' title='bbox 721 2717 908 2811; x_wconf 87' lang='lat' dir='ltr'>praecipue</span> <span class='ocrx_word' id='word_1_135' title='bbox 932 2714 1111 2784; x_wconf 85' lang='lat' dir='ltr'>nobilitati</span> <span class='ocrx_word' id='word_1_136' title='bbox 1137 2721 1169 2784; x_wconf 92' lang='lat' dir='ltr'>et</span> <span class='ocrx_word' id='word_1_137' title='bbox 1199 2717 1367 2807; x_wconf 79' lang='lat' dir='ltr'>religioni</span> 
     </span>
     <span class='ocr_line' id='line_1_20' title="bbox 310 2841 1365 2932; baseline 0.002 -22"><span class='ocrx_word' id='word_1_138' title='bbox 310 2841 475 2932; x_wconf 80' lang='lat' dir='ltr'>infensus,</span> <span class='ocrx_word' id='word_1_139' title='bbox 496 2865 512 2908; x_wconf 83' lang='lat'>»</span> <span class='ocrx_word' id='word_1_140' title='bbox 535 2842 626 2926; x_wconf 83' lang='lat' dir='ltr'>Quae</span> <span class='ocrx_word' id='word_1_141' title='bbox 642 2841 800 2911; x_wconf 93' lang='lat' dir='ltr'>adhuca</span> <span class='ocrx_word' id='word_1_142' title='bbox 820 2842 1008 2910; x_wconf 90' lang='lat' dir='ltr'>Ferrando</span> <span class='ocrx_word' id='word_1_143' title='bbox 1031 2844 1298 2912; x_wconf 90' lang='lat' dir='ltr'>confirmantur</span> <span class='ocrx_word' id='word_1_144' title='bbox 1318 2845 1365 2912; x_wconf 93' lang='lat' dir='ltr'>de</span> 
     </span>
     <span class='ocr_line' id='line_1_21' title="bbox 310 2967 1364 3061; baseline 0.004 -27"><span class='ocrx_word' id='word_1_145' title='bbox 310 2968 425 3034; x_wconf 90' lang='lat' dir='ltr'>sancti</span> <span class='ocrx_word' id='word_1_146' title='bbox 445 2967 624 3061; x_wconf 88' lang='lat' dir='ltr'>Fulgentii</span> <span class='ocrx_word' id='word_1_147' title='bbox 645 2988 714 3035; x_wconf 85' lang='lat' dir='ltr'>avo</span> <span class='ocrx_word' id='word_1_148' title='bbox 735 2968 910 3057; x_wconf 89' lang='lat' dir='ltr'>loquente</span> <span class='ocrx_word' id='word_1_149' title='bbox 935 2969 998 3056; x_wconf 91' lang='lat' dir='ltr'>qui</span> <span class='ocrx_word' id='word_1_150' title='bbox 1025 2968 1255 3058; x_wconf 80' lang='lat' dir='ltr'>Carthagine,</span> <span class='ocrx_word' id='word_1_151' title='bbox 1279 2991 1364 3038; x_wconf 93' lang='lat' dir='ltr'>cum</span> 
     </span>
     <span class='ocr_line' id='line_1_22' title="bbox 311 3090 1366 3182; baseline 0 -22"><span class='ocrx_word' id='word_1_152' title='bbox 311 3114 392 3160; x_wconf 92' lang='lat' dir='ltr'>eam</span> <span class='ocrx_word' id='word_1_153' title='bbox 403 3091 560 3160; x_wconf 90' lang='lat' dir='ltr'>Vandali</span> <span class='ocrx_word' id='word_1_154' title='bbox 571 3098 760 3182; x_wconf 89' lang='lat' dir='ltr'>ceperunt,</span> <span class='ocrx_word' id='word_1_155' title='bbox 775 3092 950 3182; x_wconf 91' lang='lat' dir='ltr'>degebat:</span> <span class='ocrx_word' id='word_1_156' title='bbox 970 3116 986 3159; x_wconf 82' lang='lat'>«</span> <span class='ocrx_word' id='word_1_157' title='bbox 1004 3092 1115 3177; x_wconf 85' lang='lat' dir='ltr'>Dum,</span> <span class='ocrx_word' id='word_1_158' title='bbox 1126 3093 1257 3180; x_wconf 80' lang='lat' dir='ltr'>inquit,</span> <span class='ocrx_word' id='word_1_159' title='bbox 1273 3090 1366 3161; x_wconf 88' lang='lat' dir='ltr'>Gen·</span> 
     </span>
     <span class='ocr_line' id='line_1_23' title="bbox 310 3216 1366 3307; baseline -0.001 -21"><span class='ocrx_word' id='word_1_160' title='bbox 310 3219 448 3287; x_wconf 91' lang='lat' dir='ltr'>sericus</span> <span class='ocrx_word' id='word_1_161' title='bbox 468 3216 727 3307; x_wconf 82' lang='lat' dir='ltr'>Carthaginem</span> <span class='ocrx_word' id='word_1_162' title='bbox 741 3219 859 3285; x_wconf 90' lang='lat' dir='ltr'>victor</span> <span class='ocrx_word' id='word_1_163' title='bbox 872 3217 1064 3302; x_wconf 78' lang='lat' dir='ltr'>invadenS,</span> <span class='ocrx_word' id='word_1_164' title='bbox 1083 3222 1271 3284; x_wconf 89' lang='lat' dir='ltr'>senatores</span> <span class='ocrx_word' id='word_1_165' title='bbox 1286 3217 1366 3306; x_wconf 92' lang='lat' dir='ltr'>plu-</span> 
     </span>
     <span class='ocr_line' id='line_1_24' title="bbox 309 3342 1365 3429; baseline 0 -19"><span class='ocrx_word' id='word_1_166' title='bbox 309 3344 435 3429; x_wconf 87' lang='lat' dir='ltr'>rimos,</span> <span class='ocrx_word' id='word_1_167' title='bbox 457 3343 574 3410; x_wconf 92' lang='lat' dir='ltr'>immo</span> <span class='ocrx_word' id='word_1_168' title='bbox 595 3348 759 3427; x_wconf 83' lang='lat' dir='ltr'>cunctos,</span> <span class='ocrx_word' id='word_1_169' title='bbox 778 3343 922 3410; x_wconf 92' lang='lat' dir='ltr'>amissis</span> <span class='ocrx_word' id='word_1_170' title='bbox 937 3343 1057 3426; x_wconf 87' lang='lat' dir='ltr'>bonis,</span> <span class='ocrx_word' id='word_1_171' title='bbox 1076 3342 1123 3410; x_wconf 94' lang='lat' dir='ltr'>ad</span> <span class='ocrx_word' id='word_1_172' title='bbox 1137 3342 1281 3410; x_wconf 86' lang='lat' dir='ltr'>ltaliam</span> <span class='ocrx_word' id='word_1_173' title='bbox 1298 3364 1365 3410; x_wconf 94' lang='lat' dir='ltr'>na-</span> 
     </span>
     <span class='ocr_line' id='line_1_25' title="bbox 308 3469 1365 3560; baseline -0.002 -22"><span class='ocrx_word' id='word_1_174' title='bbox 308 3471 429 3559; x_wconf 88' lang='lat' dir='ltr'>vigare</span> <span class='ocrx_word' id='word_1_175' title='bbox 457 3471 706 3558; x_wconf 78' lang='lat' dir='ltr'>compelleret,</span> <span class='ocrx_word' id='word_1_176' title='bbox 730 3469 852 3560; x_wconf 88' lang='lat' dir='ltr'>(avus)</span> <span class='ocrx_word' id='word_1_177' title='bbox 871 3471 967 3537; x_wconf 90' lang='lat' dir='ltr'>inter</span> <span class='ocrx_word' id='word_1_178' title='bbox 982 3474 1134 3537; x_wconf 91' lang='lat' dir='ltr'>caeteros</span> <span class='ocrx_word' id='word_1_179' title='bbox 1155 3470 1266 3537; x_wconf 90' lang='lat' dir='ltr'>etiam</span> <span class='ocrx_word' id='word_1_180' title='bbox 1286 3469 1365 3558; x_wconf 91' lang='lat' dir='ltr'>ipse</span> 
     </span>
     <span class='ocr_line' id='line_1_26' title="bbox 309 3597 1365 3687; baseline -0.002 -21"><span class='ocrx_word' id='word_1_181' title='bbox 309 3600 522 3687; x_wconf 87' lang='lat' dir='ltr'>impositam</span> <span class='ocrx_word' id='word_1_182' title='bbox 541 3599 874 3687; x_wconf 87' lang='lat' dir='ltr'>peregrinationem</span> <span class='ocrx_word' id='word_1_183' title='bbox 892 3598 1020 3665; x_wconf 89' lang='lat' dir='ltr'>libenti</span> <span class='ocrx_word' id='word_1_184' title='bbox 1038 3597 1228 3666; x_wconf 84' lang='lat' dir='ltr'>voluntate</span> <span class='ocrx_word' id='word_1_185' title='bbox 1245 3618 1365 3665; x_wconf 91' lang='lat' dir='ltr'>susce-</span> 
     </span>
     <span class='ocr_line' id='line_1_27' title="bbox 309 3722 1364 3813; baseline 0.002 -22"><span class='ocrx_word' id='word_1_186' title='bbox 309 3725 374 3813; x_wconf 85' lang='lat' dir='ltr'>pit,</span> <span class='ocrx_word' id='word_1_187' title='bbox 389 3725 518 3791; x_wconf 89' lang='lat' dir='ltr'>volens</span> <span class='ocrx_word' id='word_1_188' title='bbox 535 3725 676 3808; x_wconf 91' lang='lat' dir='ltr'>saltem,</span> <span class='ocrx_word' id='word_1_189' title='bbox 689 3724 923 3792; x_wconf 87' lang='lat' dir='ltr'>facultatibus</span> <span class='ocrx_word' id='word_1_190' title='bbox 936 3723 1101 3813; x_wconf 63' lang='lat' dir='ltr'>perditis</span> <span class='ocrx_word' id='word_1_191' title='bbox 1116 3743 1193 3791; x_wconf 93' lang='lat' dir='ltr'>non</span> <span class='ocrx_word' id='word_1_192' title='bbox 1208 3722 1364 3812; x_wconf 89' lang='lat' dir='ltr'>perdere</span> 
     </span>
     <span class='ocr_line' id='line_1_28' title="bbox 309 3849 645 3938; baseline -0.009 -20"><span class='ocrx_word' id='word_1_193' title='bbox 309 3851 517 3919; x_wconf 90' lang='lat' dir='ltr'>libertatem</span> <span class='ocrx_word' id='word_1_194' title='bbox 537 3849 599 3938; x_wconf 89' lang='lat'>(2).</span> <span class='ocrx_word' id='word_1_195' title='bbox 629 3872 645 3916; x_wconf 82' lang='lat'><strong><em>»</em></strong></span> 
     </span>
    </p>

    <p class='ocr_par' dir='ltr' id='par_1_5' title="bbox 356 3977 1364 4068">
     <span class='ocr_line' id='line_1_29' title="bbox 356 3977 1364 4068; baseline -0.002 -22"><span class='ocrx_word' id='word_1_196' title='bbox 356 3977 464 4061; x_wconf 82' lang='lat' dir='ltr'>Quod</span> <span class='ocrx_word' id='word_1_197' title='bbox 503 3977 550 4045; x_wconf 94' lang='lat' dir='ltr'>ad</span> <span class='ocrx_word' id='word_1_198' title='bbox 589 3978 782 4068; x_wconf 88' lang='lat' dir='ltr'>episcopos</span> <span class='ocrx_word' id='word_1_199' title='bbox 815 3978 1050 4067; x_wconf 89' lang='lat' dir='ltr'>peculiariter</span> <span class='ocrx_word' id='word_1_200' title='bbox 1092 3983 1246 4067; x_wconf 85' lang='lat' dir='ltr'>spectat,</span> <span class='ocrx_word' id='word_1_201' title='bbox 1287 3977 1364 4067; x_wconf 91' lang='lat' dir='ltr'>lege</span> 
     </span>
    </p>
   </div>
   <div class='ocr_carea' id='block_1_5' title="bbox 342 4239 917 4377">
    <p class='ocr_par' dir='ltr' id='par_1_6' title="bbox 342 4239 917 4377">
     <span class='ocr_line' id='line_1_30' title="bbox 343 4239 881 4300; baseline 0 -13"><span class='ocrx_word' id='word_1_202' title='bbox 343 4239 374 4300; x_wconf 85' lang='lat' dir='ltr'>(l)</span> <span class='ocrx_word' id='word_1_203' title='bbox 392 4240 528 4300; x_wconf 80' lang='lat' dir='ltr'>Procopius,</span> <span class='ocrx_word' id='word_1_204' title='bbox 548 4239 581 4287; x_wconf 84' lang='lat' dir='ltr'>lle</span> <span class='ocrx_word' id='word_1_205' title='bbox 597 4239 656 4287; x_wconf 79' lang='lat' dir='ltr'>bella</span> <span class='ocrx_word' id='word_1_206' title='bbox 670 4239 804 4299; x_wconf 64' lang='lat' dir='ltr'>elinantio,</span> <span class='ocrx_word' id='word_1_207' title='bbox 821 4242 839 4298; x_wconf 90' lang='lat' dir='ltr'>l,</span> <span class='ocrx_word' id='word_1_208' title='bbox 855 4241 881 4289; x_wconf 83' lang='lat'>5.</span> 
     </span>
     <span class='ocr_line' id='line_1_31' title="bbox 342 4311 917 4377; baseline 0.007 -19"><span class='ocrx_word' id='word_1_209' title='bbox 342 4311 374 4376; x_wconf 66' lang='lat' dir='ltr'>rt)</span> <span class='ocrx_word' id='word_1_210' title='bbox 393 4313 535 4371; x_wconf 76' lang='lat' dir='ltr'>leuandus,</span> <span class='ocrx_word' id='word_1_211' title='bbox 555 4312 608 4364; x_wconf 86' lang='lat' dir='ltr'>Vita</span> <span class='ocrx_word' id='word_1_212' title='bbox 622 4312 652 4362; x_wconf 70' lang='lat' dir='ltr'>ga</span> <span class='ocrx_word' id='word_1_213' title='bbox 671 4312 784 4374; x_wconf 79' lang='lat' dir='ltr'>Fntpent.</span> <span class='ocrx_word' id='word_1_214' title='bbox 802 4312 864 4377; x_wconf 85' lang='lat' dir='ltr'>(cap.</span> <span class='ocrx_word' id='word_1_215' title='bbox 882 4312 917 4377; x_wconf 88' lang='lat' dir='ltr'>l).</span> 
     </span>
    </p>
   </div>
   <div class='ocr_carea' id='block_1_6' title="bbox 0 0 1576 5084">
    <p class='ocr_par' dir='ltr' id='par_1_7' title="bbox 0 0 1576 5084">
     <span class='ocr_line' id='line_1_32' title="bbox 0 0 1576 5084; baseline 0 0"><span class='ocrx_word' id='word_1_216' title='bbox 0 0 1576 5084; x_wconf 95' lang='lat' dir='ltr'> </span> 
     </span>
    </p>
   </div>
  </div>
 </body>
</html>
