3142 5084
777 414 958 477 -180-

336 581 521 652 Genserici
542 588 576 650 et
604 581 779 650 Hunerici
799 583 893 651 iram
907 588 1147 652 commotam
1161 581 1288 669 fuisse,
1309 603 1398 651 cum

334 709 500 778 viderent
520 710 772 778 firmissimam
801 709 1021 778 clericorum
1052 710 1147 778 inter
1174 730 1213 778 se
1243 715 1278 778 et
1307 731 1397 779 cum

334 838 486 926 populo,
502 837 560 905 vel
576 839 614 904 in
631 838 801 905 maximis
820 836 1007 925 periculis,
1030 836 1270 905 concordiam
1287 859 1295 924 ;
1319 859 1398 927 qua

333 965 372 1031 in
389 963 467 1032 dies
483 970 669 1033 crescente
688 966 808 1052 majus
828 965 987 1032 nonfuit
1004 964 1104 1054 apud
1124 965 1272 1034 arianos
1291 987 1397 1055 pres·

333 1091 481 1180 hyteros
500 1092 782 1160 incitamentum
802 1093 896 1159 utin
916 1113 979 1160 eos
1005 1093 1100 1182 regis
1119 1092 1284 1160 furorem
1304 1113 1397 1161 con·

333 1219 497 1289 citarent.
733 1304 736 1309 r

376 1346 456 1414 Alia
476 1354 561 1415 sunt
592 1371 676 1438 quae
709 1348 1007 1437 Petsclrenigium
1037 1348 1152 1437 magis
1179 1346 1390 1416 offendunt.

334 1471 428 1539 Cum
450 1471 636 1540 Passionis
656 1480 784 1542 auctor
804 1472 1044 1541 ecclesiarum
1063 1478 1189 1561 portas
1209 1473 1394 1541 coemenlis

333 1595 532 1685 inyerrlibus
556 1595 731 1664 Hunerici
751 1598 870 1685 jussu,
899 1597 1065 1665 occlusas
1094 1597 1206 1664 luisse
1227 1617 1394 1665 comme-

331 1728 461 1806 moret,
484 1722 522 1788 iu
538 1721 699 1790 Historia
715 1729 839 1790 autem
859 1722 1076 1810 simpliciter
1090 1722 1135 1790 de
1151 1722 1267 1811 portis
1288 1722 1394 1790 clau-

331 1848 380 1913 sis
395 1849 534 1914 mentio
553 1854 606 1915 est
625 1872 631 1915 z
654 1870 738 1937 quae
758 1871 835 1915 non
850 1847 951 1916 idem
967 1853 1095 1916 auctor
1110 1848 1230 1936 potuit
1249 1847 1390 1916 dicere.

331 1973 401 2056 Qui
418 1974 569 2064 quidem
592 1977 779 2044 Passionis
795 1981 830 2044 et
844 1976 1016 2044 Historiae
1039 1976 1123 2060 loci,
1151 1977 1215 2043 ubi
1231 1976 1392 2044 verbum

328 2101 492 2168 claudere
512 2100 612 2169 idem
627 2102 836 2191 significans
861 2104 908 2170 ab
924 2108 1075 2170 auctore
1090 2106 1302 2190 usurpatur,
1326 2102 1386 2169 in-

329 2233 384 2295 ter
394 2250 432 2295 se
452 2232 698 2298 consentiunt.
718 2231 805 2298 Haec
826 2232 926 2298 enim
946 2231 1117 2320 leguntur
1135 2253 1141 2297 :
1163 2230 1338 2314 Historia,
1360 2230 1388 2315 I,

327 2356 368 2422 41
390 2357 507 2424 :Dum
524 2357 560 2425 ia
573 2359 732 2446 quodam
748 2359 837 2444 loco,
856 2358 900 2426 ob
922 2358 1015 2425 diem
1023 2357 1206 2447 paschalis
1220 2357 1385 2441 honoria,

327 2484 440 2551 nostri
454 2483 593 2552 sibimel
616 2486 775 2554 clausam
796 2486 978 2554 ecclesium
1007 2490 1219 2564 reserarent,
1243 2505 1388 2574 compe-

326 2618 450 2679 rerunl
462 2612 592 2680 Ariani
606 2613 620 2699 <
630 2613 656 2698 l,
679 2613 737 2702 41)
756 2613 818 2703 (1).
842 2614 981 2697 Passio,
1000 2611 1021 2679 5
1041 2636 1047 2679 :
1069 2635 1084 2678 a
1102 2613 1188 2679 Post
1201 2611 1388 2682 modicum

327 2760 465 2827 qaoque
486 2740 653 2829 lernporis
681 2740 862 2807 uniuersas
887 2724 996 2806 simul
1022 2739 1182 2806 ecclesias
1202 2738 1387 2806 coenrentls

326 2866 526 2956 inqenlibus
559 2868 679 2935 claudi
720 2865 909 2934 mandauit
937 2864 1233 2955 (Hunericus).»
1271 2863 1386 2948 Quod

325 2993 442 3060 multo
463 2992 648 3061 crudelius
669 3015 782 3082 quam
805 2993 874 3060 sub
896 2991 1094 3059 Genserico
1116 2993 1255 3060 factum
1270 2992 1386 3060 fuisse

325 3119 500 3188 credibile
531 3126 595 3204 est,
629 3142 713 3188 cum
743 3121 781 3186 in
809 3119 899 3203 dics,
936 3121 1004 3187 suh
1034 3120 1136 3208 regni
1165 3119 1251 3203 fine,
1283 3124 1384 3186 extra

324 3247 531 3315 humanum
547 3247 703 3315 modum
723 3247 898 3314 Hun'erici
914 3246 1127 3314 immanitas
1143 3250 1335 3314 cresceret.

367 3373 451 3442 Non
467 3375 590 3441 minus
611 3373 866 3461 Petschenigio
888 3393 1000 3460 supra
1018 3371 1133 3439 fidem
1153 3393 1231 3440 esse
1254 3371 1384 3441 viden-

323 3505 382 3566 tur
414 3522 497 3589 quae
535 3500 606 3566 illis
639 3501 760 3568 verbis
797 3498 983 3566 Passionis
1023 3504 1151 3566 auctor
1192 3498 1383 3587 subjungit

322 3627 476 3714 (Passio,
499 3626 535 3714 5)
553 3649 559 3693 :
636 3622 1200 3712 llniuersanamquemonasleria
1215 3621 1380 3689 uirorum

324 3754 377 3821 uel
396 3754 602 3843 puellarum
625 3759 833 3822 sanctarum
858 3751 1059 3843 yenlililrus,
1090 3751 1129 3818 id
1151 3755 1204 3819 est
1228 3748 1378 3833 MauriS,

323 3902 403 3947 cum
423 3879 687 3947 lrubitalorilras
713 3880 848 3948 donare
870 3878 1050 3970 praecepit.
1083 3876 1263 3967 Scriptori
1290 3875 1378 3943 talia

323 4009 486 4074 narranti
515 4006 642 4075 irridet
668 4006 965 4096 Petschenigius3
989 4011 1036 4089 at,
1060 4004 1196 4088 hercle,
1218 4002 1379 4092 pessime

354 4268 386 4333 (l)
406 4271 455 4318 Hoc
470 4269 559 4330 evenit,
576 4261 692 4333 regnante
704 4268 840 4318 Genscrico.
