3142 5084
687 422 867 484 ...168-

247 593 391 661 nullum
411 591 662 681 spectaculum
682 591 842 679 reperire
862 589 980 678 possis
1001 609 1076 677 quo
1095 588 1217 676 major
1238 587 1307 654 mi-

247 719 447 790 sericordia
468 724 671 787 moveatur.

291 847 492 916 Abundant
530 867 679 936 quoque
719 847 948 914 narrationes
989 866 1074 912 cum
1112 847 1309 911 venustate

248 972 405 1059 scriptae.
423 971 537 1060 Legas
556 971 667 1038 velim
687 971 789 1038 illam
809 991 882 1058 qua
898 970 937 1036 in
956 989 1106 1036 scenam
1121 967 1309 1034 inducun-

249 1105 309 1167 tur
320 1098 479 1166 Maxima
491 1104 525 1166 et
540 1098 781 1167 Martinianus
793 1119 886 1187 quos
900 1096 1138 1165 matrimonio
1148 1095 1309 1183 jungere

251 1224 471 1294 Gensericus
487 1232 673 1294 statuerat.

297 1375 313 1419 c(
340 1352 583 1420 Martinianus
599 1352 962 1421 adulescentulorum
979 1350 1214 1419 saecularium
1229 1370 1313 1416 mo-

252 1499 269 1543 c
295 1498 334 1544 rc
348 1477 561 1566 conjugium
577 1477 771 1545 affectabat
786 1499 794 1562 3
811 1476 971 1545 Maxima
981 1477 1061 1565 jam
1072 1475 1150 1542 Deo
1164 1480 1312 1543 sacrata

252 1627 268 1670 <r
295 1604 479 1673 humanas
500 1606 646 1693 nuptias
667 1605 858 1672 refutabat.
886 1603 932 1671 At
946 1605 1009 1672 ubi
1030 1610 1182 1671 ventum
1199 1608 1313 1672 estut

252 1753 269 1797 <r
296 1730 455 1798 cubiculi
472 1730 661 1798 adirentur
672 1735 810 1798 secreta
826 1730 982 1816 silentia,
1001 1736 1035 1798 et
1049 1729 1311 1815 MartinianuS,

252 1881 269 1925 c
296 1859 463 1926 nesciens
488 1857 578 1946 quid
604 1857 650 1925 de
676 1858 740 1925 illo
768 1856 978 1926 decreverat
1005 1859 1115 1942 Deus
1147 1857 1314 1925 maritali

254 2013 268 2048 (ι
295 1985 431 2054 fiducia
451 1987 556 2074 quasi
577 2007 663 2054 cum
683 1989 839 2076 conjuge
859 1992 1008 2075 cuperet
1029 1985 1204 2069 cubitare,
1225 1985 1315 2053 viva

253 2115 329 2181 cei
367 2134 457 2180 voce
491 2120 696 2181 memorata
728 2114 867 2181 lamula
906 2112 1039 2180 Christi
1077 2112 1274 2201 respondit
1305 2136 1312 2180 :

253 2263 269 2306 c<
298 2240 442 2306 Christo
464 2258 542 2328 ego,
561 2240 780 2309 Martiniano
800 2242 922 2325 frater,
945 2241 1112 2308 membra
1132 2241 1206 2307 mei
1227 2261 1315 2308 cor·

253 2390 269 2432 a
296 2367 397 2455 poris
428 2365 609 2451 dedicavi,
651 2390 719 2435 nec
750 2389 903 2456 possum
937 2368 1144 2435 humanum
1178 2368 1315 2436 sortire

253 2515 270 2559 c
296 2493 522 2583 conjugium,
545 2494 686 2562 babens
702 2495 781 2582 jam
802 2494 989 2562 coelestem
1005 2498 1039 2560 et
1053 2513 1184 2560 verum
1200 2514 1316 2581 spon-

254 2640 270 2684 c
298 2640 380 2685 sum
397 2618 459 2708 (1).
486 2642 501 2684 ))

297 2744 368 2813 Sed
385 2747 414 2812 si
437 2746 499 2814 illa
519 2775 532 2808 ι(
552 2747 673 2815 dulcia
688 2748 776 2815 vitia
798 2771 814 2812 »
833 2748 967 2835 quibus
979 2747 1117 2835 optime
1133 2766 1219 2833 quae
1231 2745 1315 2812 fue-

253 2871 311 2951 rit,
334 2871 372 2935 in
394 2870 541 2955 scholis,
572 2872 729 2939 Victoris
748 2873 990 2960 temporibus
1021 2893 1080 2939 ars
1109 2870 1312 2956 scribendi,

252 2996 469 3081 declaratur,
492 3018 712 3088 cognoscere
731 3001 833 3084 velis,
869 3000 947 3089 lege
966 3001 1075 3067 famis
1095 2998 1315 3087 descriptio-

252 3145 338 3191 nem
359 3146 441 3212 quae
463 3131 515 3193 est
544 3126 582 3192 in
603 3126 687 3194 libri
707 3128 792 3194 fine.
819 3128 861 3194 ln
880 3127 952 3194 hoc
976 3127 1058 3194 loco
1087 3126 1204 3193 multa
1225 3132 1316 3193 sunt

252 3273 335 3339 quae
350 3252 515 3320 Victora
546 3254 756 3322 rhetoribus
786 3261 819 3322 et
840 3255 1023 3343 imprimis
1043 3275 1063 3321 a
1083 3254 1201 3342 poetis
1226 3276 1315 3344 ‘mu-

252 3387 374 3449 tuatus
395 3389 448 3449 est
466 3404 473 3465 ;
496 3383 534 3449 in
551 3404 726 3470 quocum
743 3382 854 3450 credo
874 3383 1033 3451 multum
1049 3383 1311 3468 elaboravisse,

252 3512 291 3574 ut
311 3509 350 3575 in
369 3508 433 3575 illo
453 3510 692 3576 materiarum
707 3527 850 3597 genere,
874 3529 948 3596 quo
962 3509 1100 3575 tirones
1114 3505 1214 3595 apud
1229 3507 1314 3574 rhe-

251 3640 349 3702 tores
369 3656 448 3702 sese
474 3656 656 3719 exercerc,
690 3642 725 3702 et
756 3635 875 3702 claros
894 3635 1091 3723 scriptores
1123 3639 1157 3702 et
1181 3639 1313 3722 poetas

251 3764 388 3830 imitari
408 3763 587 3831 solebant.
606 3764 740 3833 Omnia
755 3765 901 3853 poetico
917 3786 1021 3831 more
1036 3765 1161 3832 Victor
1176 3763 1314 3832 descri-

251 3890 316 3975 bit,
338 3891 443 3957 vitim
463 3890 638 3958 foliorum
654 3892 893 3975 ornamentis,
916 3892 1141 3979 arboresque
1156 3891 1312 3960 floribus

252 4015 458 4084 denudatas
477 4016 706 4106 fluminaque
720 4019 799 4105 jam
829 4039 905 4085 non
925 4039 991 4106 per
1010 4039 1162 4106 campos
1183 4016 1315 4085 decur-

252 4145 382 4226 rentia,
405 4149 610 4232 cunctaque
623 4149 817 4212 ventorum
828 4145 910 4234 igne
921 4145 1073 4219 arentia.
1088 4144 1170 4212 Jam
1185 4140 1312 4215 nullus

283 4369 315 4434 (ι)
331 4369 395 4423 uu.
411 4369 472 4430 vn„
489 4371 508 4431 1,
525 4368 608 4421 aaa.
