3142 5084
215 1383 349 1447 QUALIS
371 1383 639 1446 HISTORIARUM
661 1385 838 1447 seauton
860 1385 996 1448 VICTOR
1017 1385 1238 1449 exsultatus

645 1666 814 1674 ———-=

551 1976 703 2045 CAPUT
726 1977 910 2046 PRIMUM

259 2165 328 2213 QUI!
349 2165 434 2208 utu
449 2165 568 2209 ΑΡΗΙΟΙΕ
584 2166 781 2209 ΟΗΗΙΒΤΙΑΝΙΒ
803 2166 992 2210 mtuttntttt
1011 2166 1203 2210 Gemmeus

380 2267 416 2311 ΕΤ
433 2268 615 2318 Huutntcus.
634 2268 802 2312 ΝΑΗΗΑΝΤΕ
818 2268 948 2313 weron!
962 2269 1082 2313 virtus!

251 2466 449 2544 Neminem
469 2488 598 2534 eorum
623 2468 686 2555 qui
711 2488 768 2534 res
792 2471 909 2555 gestas
927 2466 1181 2535 Vandalorum
1200 2466 1258 2534 vel

207 2596 344 2664 cursim
363 2594 541 2684 legerunt,
568 2596 736 2683 ignorare
761 2594 871 2662 credo
896 2617 970 2683 quo
996 2599 1128 2663 eventu
1148 2593 1257 2682 pulsi,

206 2721 383 2806 Africam,
414 2725 511 2809 postv
528 2725 676 2788 vexatas
706 2719 841 2787 Gallias
872 2724 906 2787 et
938 2718 1175 2806 Hispaniam,
1206 2714 1259 2781 illi

114 2874 122 2881 ·
207 2849 413 2938 petiverint.
440 2848 609 2937 Longum
634 2847 786 2937 quidem
813 2851 848 2914 et
872 2866 1142 2934 supervacuum
1167 2846 1261 2911 esset

208 2973 412 3040 simultates
436 2994 527 3061 quas
552 2974 647 3040 inter
671 2994 709 3040 se
733 2973 859 3040 Aetius
884 2978 918 3040 et
943 2971 1153 3038 Bonifaeius
1179 2988 1260 3058 ege-

208 3101 306 3181 runt,
329 3079 525 3185 exponere,
553 3102 588 3165 et
608 3098 763 3165 erimina
784 3098 918 3186 quibus
938 3096 1038 3186 apud
1058 3096 1261 3164 Placidiam

210 3220 284 3290 dux
303 3223 478 3289 comitem
493 3223 679 3289 insecutus
696 3226 749 3289 est
767 3245 774 3308 3
791 3226 875 3309 post
890 3242 986 3309 quae,
1005 3239 1071 3287 sua
1087 3217 1262 3307 dignitate

210 3351 387 3439 spoliatus
415 3357 449 3417 et
475 3351 633 3418 Romam
661 3355 854 3418 revocatus
878 3349 1106 3432 BonifaeiuS‚
1132 3367 1262 3435 parere

211 3477 342 3562 noluit,
360 3483 470 3566 atque
490 3483 529 3544 ut
549 3475 725 3544 adversus
744 3476 891 3544 Aetium
912 3481 947 3543 et
961 3474 1165 3543 Placidiam
1185 3496 1264 3543 sese

86 3643 91 3689 3
211 3609 385 3690 tueretur,
408 3603 455 3672 ad
470 3603 723 3674 Vandalorum
743 3602 921 3671 auxilium
937 3609 1119 3692 spectanS,
1143 3624 1206 3673 eos
1225 3604 1264 3670 in

211 3732 373 3802 Africam
388 3733 586 3801 arcessivit.

255 3860 325 3929 Vix
350 3859 481 3928 Africae
507 3860 628 3928 littore
655 3860 773 3948 potiti,
801 3830 953 3927 Barbari
978 3859 1071 3927 nihil
1099 3857 1201 3927 aliud
1227 3859 1266 3926 in

213 3988 339 4056 animo
359 3988 522 4057 habuere
542 4009 655 4077 quam
675 3993 715 4055 ut
729 4009 882 4056 omnem
896 3987 1086 4076 regionem
1102 3985 1266 4075 depopu-

212 4114 388 4184 larentur.
402 4115 625 4183 Hominibus
637 4137 714 4183 non
726 4116 842 4203 magis
852 4135 1050 4204 pepercere
1064 4135 1178 4203 quam
1188 4114 1268 4182 bes·

214 4243 287 4327 tiis,
310 4247 420 4331 atque
441 4244 479 4310 in
500 4262 604 4332 agros
629 4243 700 4311 late
724 4243 923 4311 vastandos
949 4244 999 4310 ita
1020 4243 1207 4311 irruerunt
1229 4247 1270 4309 ut
