3142 5084
682 450 842 511 ..39-

235 621 388 691 nionem
416 620 611 688 confirmat
639 618 696 687 his
728 618 885 688 Victoris
908 619 1030 687 verbis
1058 640 1107 687 3«
1141 619 1177 687 Si
1205 620 1287 709 quis

234 746 446 817 incredulus
467 769 545 815 esse
564 747 732 831 voluerit,
758 750 883 835 pergat
909 767 1009 814 nunc
1029 745 1287 816 Constantino-

233 875 350 964 polim
372 898 402 960 »,
432 880 467 943 et
486 875 725 965 sequentibus
752 895 835 963 quae
862 875 1033 964 leguntur
1057 876 1096 942 in
1115 875 1282 945 Notitia:

235 1026 251 1070 <r
268 1003 335 1071 Hic
352 1003 501 1094 relepoti
519 1003 611 1094 (1)...
629 1026 646 1069 a
662 984 727 1071 His
743 1002 877 1091 adjecit
895 1002 1081 1071 Victorem
1097 1004 1135 1070 in
1150 1002 1282 1089 Africa,
1303 1038 1305 1040 v

233 1130 455 1220 investigatis
484 1150 764 1220 quoquoversus
791 1129 943 1198 saltibus
972 1135 1006 1198 et
1033 1131 1185 1220 campis,
1208 1152 1285 1199 non

232 1256 296 1324 diu
316 1257 355 1323 in
373 1256 494 1325 Africa
513 1257 626 1325 latere
645 1257 821 1345 potuisse.

274 1383 316 1451 ln
335 1383 447 1474 Epiro
463 1388 588 1453 autem
608 1382 792 1453 exsulasse
811 1383 997 1452 Victorem
1016 1389 1121 1473 putat
1141 1385 1284 1454 Cotele-

157 1582 158 1591 ,
231 1513 307 1580 rius
326 1511 388 1603 (2),
407 1513 519 1603 idque
535 1513 671 1602 colligit
691 1533 735 1580 ex
754 1513 877 1602 operis
896 1513 1050 1602 prologo
1070 1514 1133 1581 ubi
1153 1513 1285 1603 legitur

231 1659 370 1706 nomen
389 1639 584 1727 cujusdam
608 1637 791 1707 Diadochi
815 1639 854 1705 in
873 1637 986 1727 Epiro
1008 1639 1185 1728 episcopi,
1208 1662 1282 1728 quo

230 1764 419 1850 suadente,
438 1767 467 1833 si
484 1765 665 1834 Cotelerio
682 1765 822 1849 credas,
839 1765 964 1835 Victor
976 1766 1169 1834 historiam
1184 1789 1284 1835 com-

229 1893 363 1982 posuit.
382 1892 454 1961 Alii
467 1893 629 1983 denique
640 1895 841 1982 opinantur
852 1893 1038 1963 Victorem
1049 1894 1280 1984 Carthagine,

229 2018 290 2086 alii
309 2019 349 2086 in
365 2021 614 2088 remotissimo
634 2021 716 2088 loco
736 2019 867 2088 Africae
882 2021 1019 2088 librum
1034 2021 1233 2108 scripsisse.

272 2147 326 2214 De
346 2147 404 2214 his
424 2148 664 2236 opinionibus
688 2168 806 2237 pauca
833 2147 1011 2215 disseram
1031 2153 1187 2236 oportet,
1208 2148 1281 2236 pri-

227 2295 331 2342 mum
358 2275 509 2342 maximi
530 2276 710 2343 momenti
735 2275 873 2343 faciens
896 2275 977 2342 haec
996 2276 1108 2343 verba
1129 2296 1212 2363 quae
1231 2274 1281 2342 le-

226 2405 360 2491 guntur
383 2403 422 2469 in
441 2402 578 2471 Notitia
602 2402 695 2471 :Hic
713 2403 871 2493 relepuli.
899 2403 998 2472 Num
1019 2402 1144 2471 Victor
1163 2403 1280 2470 Cons-

225 2530 488 2618 tantinopolim
513 2529 703 2620 designare
723 2530 839 2599 voluit
863 2531 880 2597 ἲ)
899 2530 1048 2615 Verum,
1071 2551 1157 2598 cum
1176 2530 1279 2597 illam

225 2655 356 2723 urbem
379 2655 418 2722 in
438 2650 509 2723 sua'
528 2655 669 2724 ditione
696 2679 773 2724 non
792 2661 932 2724 teneret
947 2657 1165 2743 Hunericus,
1189 2680 1279 2747 quo-

225 2780 338 2849 modo
352 2782 414 2870 jus
434 2783 580 2851 esset'ei
600 2783 688 2850 illuc
713 2784 906 2873 episcopos
926 2784 1144 2873 relegandi?
1169 2784 1277 2868 Quod

225 2907 377 2996 quidem
399 2909 460 2996 jus
486 2910 545 2978 vel
574 2911 603 2977 si
633 2911 833 2995 habuisset,
863 2932 940 2978 non
967 2912 1212 2978 commisisset
1237 2918 1277 2979 ut

223 3035 355 3103 urbem
366 3057 432 3103 suo
444 3036 600 3125 imperio
612 3037 907 3105 inimicissimam
916 3039 1276 3128 episcopisimpleret

222 3162 396 3231 Afrorum
417 3163 563 3232 dolores
584 3171 619 3233 et
644 3167 827 3233 cruciatus
846 3165 947 3255 apud
965 3166 1152 3234 Zenonem
1172 3187 1275 3234 enar-

222 3291 404 3358 rantibus
428 3290 604 3380 Suspecta
624 3293 724 3360 enim
749 3296 783 3360 et
803 3293 872 3361 sibi
891 3293 1035 3362 funesta
1059 3314 1160 3384 reges
1179 3296 1274 3365 Van-

222 3417 393 3486 dalorum
413 3418 598 3487 habebant
618 3420 903 3488 christianorum
923 3442 967 3489 ex
985 3421 1106 3489 Africa
1125 3424 1273 3490 venien-

221 3545 314 3612 tium
329 3547 552 3613 commercia
569 3567 654 3613 cum
668 3547 713 3613 iis
729 3547 792 3635 qui
812 3547 939 3614 Romae
961 3554 995 3615 et
1015 3548 1272 3617 Constantino-

220 3671 296 3759 poli
325 3678 428 3739 erant
451 3695 459 3757 3
481 3674 533 3741 ibi
569 3674 670 3741 enim
705 3678 833 3742 contra
867 3697 1000 3764 parum
1034 3677 1271 3744 stabilitatam

220 3817 350 3865 eorum
364 3800 569 3887 potentiam
585 3799 669 3867 odia
679 3801 775 3868 alere
785 3807 967 3889 poterant,
985 3808 1019 3869 et
1030 3803 1271 3890 imperatores

219 3922 1270 4017 fflwmmfflffimffiwmfflmfflms

249 4231 282 4294 (l)
299 4231 395 4284 Notitia
407 4234 598 4298 prouinciarum
614 4235 649 4300 (in
664 4237 737 4303 fine).

248 4306 281 4372 (a)
300 4307 374 4358 Patr.
389 4308 442 4371 lot,
459 4313 478 4357 t.
496 4310 708 4368 uvrll,col.147.
