3142 5084
615 440 796 500 -163—

174 628 284 673 usum
295 607 375 694 jam
389 628 500 695 supra
510 607 684 675 annotavi
693 606 762 696 (1);
778 604 1094 694 quibusomnihus
1108 624 1228 670 exem-

173 720 244 809 plis
259 720 407 788 abunde
427 721 542 809 liquet
556 721 743 789 Victorem
754 721 954 789 verborum
970 719 1151 787 ambitum
1166 737 1228 805 pa-

175 869 259 914 rum
274 847 398 915 solerti
417 846 531 915 modo
551 848 787 916 affectavisse.

227 1040 242 1128 ᾗ
265 1039 324 1106 ΙΙΙ.
348 1078 391 1088 —
411 1060 458 1106 nn
478 1059 681 1108 nossemus
701 1059 854 1107 rosrrco
875 1059 973 1106 noun
994 1055 1185 1106 usunmrrs

221 1201 266 1269 ΑΙ
285 1203 400 1291 magis
421 1203 532 1270 etiam
551 1203 756 1288 miraberis,
774 1204 813 1270 in
832 1223 942 1292 prosa
954 1202 1018 1269 illa
1038 1206 1072 1269 ct
1090 1199 1229 1288 vulgari

176 1327 332 1396 Victoris
361 1329 539 1412 oratione,
566 1328 727 1417 plurima
758 1331 911 1397 nomina
942 1328 1120 1417 adjectiva
1144 1347 1231 1416 poe·

178 1455 250 1521 tico
270 1475 374 1522 more
394 1459 594 1543 usurpata:

217 1579 366 1642 Arbuslis
389 1579 576 1642 fructiferis
591 1582 635 1658 (2)
655 1581 693 1659 (Ι,
717 1583 760 1657 3).
784 1578 912 1644 Robido
936 1580 1155 1663 respondisse
1179 1597 1233 1641 ore

178 1673 346 1756 probatur
361 1673 400 1754 (Ι,
419 1675 480 1750 18).
555 1673 627 1736 Sub
651 1673 798 1736 ardentis
819 1674 897 1736 solis
916 1672 1078 1737 inccndio
1095 1672 1148 1750 (ΙΙ,
1167 1673 1229 1748 10).

230 1765 458 1849 Tempestatis
471 1765 630 1849 sonioopo
644 1768 689 1844 (3)
704 1767 789 1829 flatu
806 1766 860 1845 (ΙΙ,
877 1768 940 1843 la).
1010 1764 1116 1838 Veloci
1130 1762 1231 1844 agili-

179 1866 247 1923 tate
272 1860 326 1939 (ΙΙ,
348 1860 412 1936 48).
479 1859 577 1922 Nudo
601 1860 661 1922 sub
676 1879 749 1923 cere
770 1860 840 1938 (ΙΙΙ,
869 1861 930 1937 16).
1003 1859 1068 1922 Per
1092 1875 1232 1920 nocuum

179 1971 285 2014 aerem
300 1952 369 2031 (ΙΙΙ,
379 1954 443 2030 31).
514 1952 653 2015 Cursum
660 1953 874 2035 palmiferum
886 1949 1144 2014 consummavit
1156 1947 1226 2026 (ΙΙΙ,

179 2045 243 2122 24).
316 2045 500 2108 Minoribus
510 2065 673 2129 separans
684 2045 809 2128 qlodiis
817 2044 888 2125 (ΙΙΙ,
899 2046 962 2122 39).
977 2043 1121 2111 Fallacis
1137 2060 1233 2123 oquoe

163 2137 296 2219 -gladio
312 2137 383 2217 (ΙΙΙ,
394 2139 459 2215 47).

225 2255 304 2324 Hoc
333 2257 401 2323 fuit
428 2257 559 2324 vitium
588 2257 828 2345 scriptoribus
860 2256 1017 2324 labentis
1045 2253 1234 2323 latinitatis

182 2402 380 2449 commune
396 2382 459 2470 qui
480 2382 558 2448 sine
579 2380 791 2448 discrimine
808 2387 842 2448 et
861 2381 1033 2448 incallide
1052 2385 1179 2469 poetas
1200 2384 1234 2447 et

182 2514 345 2577 oratores
360 2510 612 2592 imitabantur,
635 2513 745 2597 atque
765 2509 804 2575 in
824 2509 955 2576 iisdem
976 2529 1132 2597 operum
1151 2528 1234 2574 suo-

182 2656 265 2703 rum
284 2635 375 2703 locis
396 2656 501 2723 aeque
522 2636 665 2724 poetica
686 2640 721 2703 et
740 2635 922 2703 rhetorica
936 2636 1049 2703 verba
1065 2653 1236 2722 congere·

182 2762 282 2830 bant.
299 2762 395 2831 Nam
415 2784 497 2830 mos
517 2767 593 2830 crat
613 2762 820 2847 inscholis,
843 2783 927 2852 quae
947 2763 1107 2830 maxime
1124 2761 1236 2828 enite-

183 2890 271 2958 bant
290 2891 329 2957 in
354 2897 549 2979 poetarum
576 2891 750 2979 operibus
774 2891 895 2958 soluto
921 2911 1091 2958 sermone
1119 2889 1236 2977 expri-

183 3016 336 3104 mendi;
362 3019 425 3102 sic,
459 3017 630 3107 discipuli
664 3019 797 3086 iratam
811 3018 996 3085 Junonem
1025 3015 1126 3106 quod
1160 3038 1236 3083 non

183 3150 307 3232 posset
339 3143 484 3211 AEnean
512 3144 558 3211 ab
591 3142 695 3210 Italia
729 3164 870 3227 arcere,
906 3141 1035 3231 grandi
1070 3142 1236 3208 oratione

185 3271 415 3338 conabantur
435 3269 644 3358 depingere.
672 3270 760 3337 Haec
779 3271 818 3336 in
837 3268 968 3337 Africae
995 3268 1131 3336 scholis
1157 3286 1238 3357 age-

184 3397 319 3464 bantur
341 3395 404 3486 (l).
438 3394 521 3480 sed,
552 3395 670 3483 quinti
701 3395 825 3463 saeculi
849 3396 935 3479 fine,
965 3393 1058 3462 adeo
1087 3392 1178 3460 rude
1203 3399 1238 3460 et

185 3523 399 3613 imperitum
415 3530 492 3591 erat
511 3524 733 3612 scriptorum
740 3521 924 3612 judicium
935 3529 985 3607 ut,
1004 3543 1090 3590 cum
1104 3521 1235 3610 poetis

184 3650 344 3740 Vergilio
361 3652 580 3739 praesertim,
594 3649 769 3740 legendis,
783 3652 917 3718 mentis
930 3651 1048 3718 aciem
1062 3669 1238 3716 exacuere

187 3776 412 3862 debuissent,
427 3778 519 3845 nihil
530 3778 762 3867 proficerent,
781 3778 1003 3845 inconcinna
1020 3782 1144 3845 autem
1155 3776 1239 3843 imi-

185 3905 323 3972 tatione
339 3905 473 3993 scripta
488 3926 553 3973 sua
574 3904 834 3973 deformarent.
1194 3886 1197 3891 ’

217 4127 252 4268 lll
267 4128 475 4266 lbbdpclrbgslcos
501 4204 631 4265 scriptores
657 4203 789 4266 frugalem
806 4204 871 4264 apud
899 4202 1037 4251 Lucretium
1059 4200 1215 4263 frugiferam
1232 4213 1239 4248 :

242 4271 318 4316 terras
330 4267 500 4330 frugiferentcs
515 4266 543 4329 (Ι,
560 4271 594 4325 3).
613 4265 745 4327 Fructifer·
758 4268 824 4327 apud
839 4266 945 4314 Plinium
958 4268 981 4312 ct
996 4266 1157 4313 Columelam.

217 4341 250 4407 (3)
268 4344 320 4392 Non
337 4343 419 4393 inveni
434 4345 480 4392 hoc
493 4343 640 4391 vocabulum
651 4342 676 4389 in
688 4342 773 4390 lexicis
789 4341 926 4403 (Quichcrat
938 4357 945 4400 ς
958 4341 1061 4389 Frcund.
1074 4344 1136 4398 etc.)

217 4417 252 4483 (4)
273 4416 360 4470 Soncli
374 4417 440 4481 Aup.
469 4415 589 4478 Cortsess„
608 4416 684 4479 1,14‚
705 4417 744 4477 16,
763 4416 804 4466 18.
