3142 5084
771 447 950 509 -134-

327 614 630 705 praepollentibus
646 637 774 684 aurern
793 617 994 705 praebebat,
1013 585 1115 705 quod
1130 616 1256 685 videre
1273 621 1326 684 est
1348 618 1390 683 in

252 734 257 739 ’
327 742 399 809 illis
418 742 605 811 Passionis
624 743 715 812 locis
731 745 794 833 qui
810 744 980 812 ultimam
995 744 1292 833 persecutionem
1309 765 1387 833 qua
1482 780 1484 784 >

327 868 497 936 catholici
517 869 636 936 vexati
647 874 732 937 sunt
747 871 906 937 breviter
921 875 955 938 et
966 872 1181 938 summatim
1197 871 1387 959 complec-

327 999 455 1062 tuntur
491 994 646 1084 (Passio,
672 994 705 1079 l,
736 994 768 1079 5,
798 994 844 1084 6).
874 995 954 1063 Hoc
979 997 1018 1063 in
1042 996 1115 1063 fine
1136 977 1306 1064 Historiae
1327 996 1388 1064 his

326 1123 449 1190 verbis
465 1121 672 1190 illustratur
691 1145 697 1190 :
774 1123 865 1190 Erat
884 1123 1027 1211 quidem
1038 1123 1213 1213 generalis
1228 1125 1295 1192 ista
1312 1125 1388 1191 vio-

328 1248 437 1317 lentia
457 1254 699 1337 tyrannorum
718 1249 792 1339 (lll,
814 1249 884 1338 47).
916 1250 1001 1320 Non
1025 1250 1149 1317 minus
1175 1256 1387 1339 congruunt

328 1397 412 1465 quae
439 1397 459 1442 a
487 1375 633 1444 Victore
653 1377 792 1464 passim
814 1382 849 1444 et
870 1377 910 1444 in
934 1378 1110 1445 Passione
1141 1377 1314 1445 dicuntur
1341 1376 1388 1445 de

326 1498 502 1567 Vandalis
528 1498 730 1567 catholicos
756 1501 948 1589 promissis
977 1503 1182 1571 honoribus
1206 1506 1241 1570 et
1273 1503 1388 1571 variis

326 1625 514 1696 blanditiis
548 1626 843 1716 aggredientibus
880 1633 919 1696 ut
952 1630 1118 1696 arianam
1152 1629 1384 1718 religionem,

326 1761 449 1843 spreto
470 1754 604 1822 Christi
619 1755 731 1839 cultu,
750 1756 1060 1844 amplecterentur
1078 1757 1233 1846 (Passio,
1251 1754 1298 1844 8).
1330 1755 1384 1823 Cf.

326 1879 432 1962 vict,
450 1880 477 1962 1,
499 1878 554 1962 47,
572 1878 636 1962 48,
658 1879 717 1961 Ill,
740 1879 796 1945 27.
819 1919 863 1927 -
878 1878 982 1946 ldem
1002 1879 1123 1947 dicam
1140 1879 1185 1947 de
1202 1880 1389 1967 corruptis

328 2006 486 2096 pecunia
507 2027 695 2073 carcerum
716 2006 931 2074 custodibus
946 2006 1100 2095 (Passio,
1116 2006 1152 2095 9)
1171 2029 1176 2073 :
1202 2030 1275 2074 a...
1289 2009 1387 2076 Dato

333 2153 481 2201 munere
507 2133 730 2216 carcerariis
763 2133 822 2200 die
849 2154 892 2201 ac
919 2138 1026 2202 nocte
1051 2134 1184 2201 Christi
1204 2140 1389 2223 martyres

332 2258 599 2347 frequentabat.
619 2281 635 2323 >r
653 2257 705 2325 Cf.
719 2257 869 2342 Victor,
884 2258 927 2342 ll,
942 2259 985 2324 32
1004 2283 1010 2326 :
1084 2282 1100 2324 t(
1115 2259 1211 2326 Doto
1227 2258 1389 2348 ingentia

331 2407 483 2455 munero
502 2385 679 2453 Mauris...
703 2385 855 2453 admissi
875 2408 1003 2453 sumus
1023 2387 1171 2454 intrare.
1196 2408 1212 2452 a

370 2529 487 2598 Venio
509 2528 556 2596 ad
577 2529 850 2597 monachorum
867 2529 1092 2617 supplicium
1114 2550 1207 2617 quos
1222 2528 1261 2595 in
1281 2530 1389 2598 navi-

327 2654 396 2721 bus
422 2653 629 2721 Hunericus
655 2654 765 2741 jussit
800 2655 924 2722 necari
957 2653 1112 2743 (Passi0,
1142 2652 1270 2743 15-20).
1302 2653 1389 2722 Jam

329 2781 546 2849 Gensericus
568 2782 640 2849 hoc
660 2782 928 2870 suppliciorum
948 2800 1079 2870 genere
1100 2803 1188 2848 usus
1213 2787 1301 2849 erat.
1325 2781 1384 2867 At,

329 2926 413 2972 cum
436 2905 559 2971 minus
580 2904 738 2972 crudelis
759 2911 864 2989 esset,
887 2906 1121 2994 presbyteros
1141 2905 1257 2973 nudos
1276 2911 1308 2973 et
1324 2928 1388 2975 esr-

324 3030 478 3119 poliotos
508 3033 652 3097 tantum
686 3031 724 3097 in
763 3031 919 3098 navibus
952 3031 1087 3115 fractis
1122 3037 1320 3100 ventorum
1352 3039 1388 3101 et

328 3158 440 3225 maris
459 3156 621 3224 ludibrio
641 3159 803 3246 permitti
814 3159 996 3245 jusserat,
1019 3159 1082 3247 qui
1098 3164 1234 3243 tamen,
1258 3166 1389 3229 contra

329 3305 432 3372 spem
459 3285 564 3372 regiS,
592 3284 788 3372 Neapolim
808 3305 984 3372 prospera
1004 3285 1236 3374 navigatione
1256 3307 1388 3373 perve-

328 3418 461 3479 nerunt
482 3412 604 3501 (Vict,
626 3412 652 3496 l,
677 3411 744 3501 15).

374 3537 482 3621 Quod
497 3540 527 3606 si
540 3560 665 3606 rerum
679 3538 960 3626 dispositionem
977 3540 1015 3606 in
1031 3545 1188 3628 utroque
1204 3541 1386 3630 opusculo

328 3665 513 3748 observeS,
537 3664 714 3733 cumdem
734 3665 918 3733 scribendi
940 3688 1084 3734 morem
1103 3668 1280 3736 invenies
1299 3669 1388 3737 Pas-

329 3793 443 3859 sionis
460 3797 589 3857 auctor
604 3812 680 3858 non
694 3793 817 3858 minus
833 3793 963 3882 longus
980 3815 1093 3882 quam
1108 3793 1233 3862 Victor
1247 3796 1287 3862 in
1303 3817 1387 3864 nar-

329 3918 545 4000 rationibus
568 3938 644 3983 non
663 3918 786 3984 minus
808 3920 949 3985 otiosus
970 3919 1009 3984 in
1030 3917 1258 4006 exponendis
1274 3921 1387 3988 rebus

329 4046 395 4114 tihi
414 4043 610 4113 videbitur.
640 4043 780 4111 Eadem
799 4046 912 4112 verba
929 4052 1154 4134 usurpantur
1181 4052 1275 4130 tunc,
1299 4047 1389 4135 quid

326 4171 437 4261 plura
453 4173 471 4239 l
490 4177 529 4237 ut
549 4169 594 4237 de
615 4170 686 4237 alia
706 4192 745 4237 re
770 4169 816 4237 ad
839 4171 950 4238 aliam
970 4176 1098 4239 auctor
1117 4175 1289 4240 transeat.
1313 4173 1388 4242 De-

331 4300 456 4388 nique,
473 4296 598 4366 Victor
614 4302 648 4364 et
661 4297 846 4365 Passionis
858 4304 986 4366 auctor
997 4297 1129 4367 eodem
1144 4299 1183 4365 in
1197 4297 1387 4368 Vandalos
