3142 5084
790 407 952 470 „50-

304 572 306 579 '
343 575 372 643 si
402 574 589 643 Ferrando
620 574 758 659 credas,
799 576 993 663 episcopos
1029 578 1063 642 et
1093 573 1300 641 monachos
1330 592 1396 639 sua

330 707 472 791 sponte
499 702 828 791 persequebantur,
863 707 902 768 ut
926 723 989 769 eos
1018 702 1063 768 ab
1088 699 1280 788 implendo
1305 720 1396 788 quo-

340 830 395 896 vis
416 828 661 896 ecclesiastico
688 850 841 896 munere
868 828 1118 916 prohiberent.
1145 826 1277 915 Sicque
1303 827 1396 914 epis-

341 977 468 1046 copus,
490 956 647 1024 Faustus
667 957 833 1039 nomine,
863 977 940 1023 non
965 955 1072 1044 longe
1100 975 1121 1022 a
1148 976 1214 1022 sua
1241 954 1395 1022 ecclesia

341 1084 523 1169 exsulans,
561 1085 739 1152 continuo
769 1085 814 1151 ab
850 1084 1023 1172 episcopo
1064 1081 1227 1170 quodam
1265 1081 1394 1148 ariano

339 1211 540 1295 lacessitus,
570 1212 735 1301 quotidie
763 1234 806 1279 ex
832 1211 904 1278 alio
926 1210 1009 1278 loco
1034 1211 1072 1277 in
1095 1210 1210 1278 alium
1236 1210 1393 1298 migrare

341 1343 375 1404 et
394 1337 590 1405 hominum
610 1344 799 1427 aspectum
820 1339 933 1406 vitare
953 1338 1151 1426 cogebatur
1165 1335 1227 1426 (1).

383 1464 713 1532 Verumenimvero
743 1465 772 1530 si
803 1463 1027 1531 Arianorum
1059 1462 1252 1530 historiam
1285 1462 1394 1529 altius

339 1596 560 1680 repetamus,
582 1590 792 1658 videbimus
817 1612 879 1658 eos
904 1611 1051 1679 semper
1072 1587 1171 1677 apud
1195 1589 1393 1677 imperato-

338 1739 395 1784 res
430 1719 488 1786 vel
524 1718 819 1807 religiosissimos
855 1716 960 1805 quasi
994 1714 1202 1783 delatorum
1237 1736 1392 1783 munere

337 1844 448 1912 fuisse
478 1846 635 1913 functos.
667 1845 863 1914 Neminem
898 1844 985 1911 latet
1017 1865 1080 1911 eos
1114 1843 1329 1911 Constantio
1357 1849 1393 1911 et

322 2041 323 2044 ,
336 1969 480 2039 Valenti
497 1993 575 2038 sese
591 1977 630 2038 ut
644 1971 817 2038 satellites
828 1969 1012 2038 addixisse
1025 1971 1150 2059 eisque
1162 1971 1299 2038 atrocia
1311 1991 1393 2037 sua-

337 2097 437 2164 sisse.
457 2096 503 2164 At
519 2119 712 2186 nunquam
732 2096 825 2164 illud
845 2095 1021 2164 adversus
1041 2095 1242 2162 catholicos
1263 2093 1392 2163 odium

336 2225 452 2313 magis
484 2225 521 2291 in
551 2230 678 2312 aperto
702 2223 781 2307 fuit,
810 2245 923 2312 quam
942 2245 1028 2290 cum
1054 2222 1154 2311 apud
1181 2222 1391 2291 Constanti-

336 2369 427 2415 num
453 2349 576 2437 ipsum
604 2347 813 2415 christianae
834 2347 1021 2435 religionis
1040 2352 1252 2435 patronum,
1281 2345 1391 2414 Atha·

334 2477 481 2543 nasium
502 2474 733 2543 criminando
759 2474 860 2563 quod
885 2473 1117 2543 Alexandriae
1144 2473 1335 2542 seditionis
1356 2478 1392 2540 et

335 2607 514 2673 tumultus
541 2607 668 2673 fuisset
688 2611 828 2689 auctor,
854 2611 888 2672 et
908 2606 1003 2672 inter
1024 2605 1095 2672 alia
1115 2605 1292 2688 facinora,
1316 2607 1392 2669 stu-

334 2753 443 2818 prum
467 2733 614 2799 feminae
634 2732 828 2815 intulisset,
865 2731 1128 2819 imperatorem
1162 2731 1391 2820 impulerunt

334 2864 374 2925 ut
402 2858 582 2925 illustrem
615 2858 720 2925 illum
748 2859 870 2925 virum
895 2858 1022 2925 exsilio
1051 2859 1235 2943 multaret,
1265 2857 1389 2926 invitis

333 2983 565 3052 Alexandriae
585 2984 725 3052 civibus
742 2985 816 3072 qui,
836 3005 909 3050 rma
924 3005 1026 3067 voce,
1045 2983 1164 3051 vexati
1185 2987 1312 3049 contra
1328 2982 1389 3069 jus

334 3111 390 3177 sui
418 3111 581 3200 episcopi
601 3111 850 3200 patrocinium
877 3109 1009 3177 frustra
1035 3112 1288 3197 susceperunt.
1319 3106 1390 3189 Qui

334 3260 417 3306 cum
434 3244 518 3328 post
534 3238 686 3328 aliquod
701 3245 858 3326 tempus,
877 3238 916 3303 in
932 3236 1057 3304 sedem
1075 3258 1181 3303 suam
1198 3236 1389 3324 remigras-

333 3370 398 3449 set,
422 3366 556 3432 iterum
581 3386 602 3432 a
630 3365 844 3431 Constantio
867 3363 1097 3430 Constantini
1117 3362 1194 3429 filio
1215 3362 1388 3448 impetra·

331 3499 463 3561 verunt
483 3498 558 3559 uta
578 3493 756 3558 militibus
777 3513 796 3557 e
816 3512 881 3557 sua
904 3490 1057 3558 ecclesia
1076 3489 1287 3577 pelleretur.
1308 3487 1386 3554 Suf-

331 3621 446 3688 fectus
474 3628 525 3688 est
557 3622 595 3686 in
627 3620 705 3706 ejus
734 3618 858 3685 locum
892 3616 1067 3705 Georgius
1091 3614 1303 3705 Cappadox,
1332 3615 1389 3682 vir

333 3747 469 3813 arianae
483 3753 590 3813 sectae
603 3743 888 3827 addictissimus,
904 3743 1008 3830 cujus
1022 3763 1134 3831 opera
1148 3742 1272 3809 statim
1280 3737 1387 3806 multi

332 3873 599 3940 catholicorum
631 3871 793 3960 episcopi
824 3892 842 3937 e
870 3871 945 3937 suis
980 3868 1129 3937 sedibus
1155 3866 1252 3957 pulsi
1286 3871 1383 3950 sunt,

332 4001 512 4088 multique
526 3996 758 4065 Alexandriae
773 3997 917 4081 incolae,
936 3997 999 4084 qui
1010 3994 1263 4063 Arianismum
1277 4013 1385 4081 repu·
1453 4039 1456 4046 -

332 4128 533 4209 diaverant,
556 4125 764 4193 obtruncati
783 4122 846 4213 (2).

364 4367 396 4428 tl)
413 4367 564 4413 Ferrandus:
579 4378 635 4424 cap.
650 4375 681 4420 iv,
699 4375 750 4420 uu,
768 4374 801 4417 rx,
817 4375 855 4420 sq.

362 4442 396 4506 (2)
412 4441 471 4495 Vide
485 4457 491 4489 ε
506 4442 653 4503 lungmann,
671 4437 873 4496 Dissertationes,
891 4440 910 4484 t.
929 4437 950 4483 ll
962 4435 1000 4498 (de
1011 4432 1142 4484 Arianismi
1154 4432 1217 4501 latis,
1234 4446 1258 4495 p.
1272 4430 1310 4493 al,
1324 4429 1383 4496 sq).
