3142 5084
696 431 877 495 -151-

258 598 324 664 sibi
347 597 580 662 substantiam
605 597 802 661 vindicasset
815 597 869 677 (11,
886 599 948 674 23).
1020 594 1258 679 Suggessimus
1273 600 1311 665 ut

257 713 278 756 a
292 692 366 755 suis
382 711 441 754 rex
455 696 637 775 peteretur,
647 696 686 752 ut
701 710 781 752 eum
799 689 998 772 Carthagini
1014 708 1087 752 esse
1095 689 1245 772 jussisset
1253 691 1308 770 (ΙΙ,

257 788 320 864 27).
392 785 649 868 Congregantur
672 784 865 849 universi...
893 789 932 846 ut
955 782 1067 846 Mauri
1091 788 1310 846 occurrentes

257 879 404 943 traditos
419 879 463 942 ad
478 899 635 942 eremum
648 879 882 961 perduxissent
896 877 949 956 (ΙΙ,
968 879 1030 953 28).
1100 877 1174 940 Hoc
1189 877 1310 959 agebat

256 973 469 1055 Eugenius...
479 980 517 1037 ut
532 973 583 1036 illi
599 972 832 1056 venissentqui
848 972 1015 1054 majorem
1028 971 1193 1034 fiduciam
1210 971 1310 1034 liber-

257 1067 337 1130 tatis
351 1066 519 1130 haberent
535 1069 589 1146 (ΙΙ,
606 1070 669 1143 44).
740 1066 831 1129 lllud
848 1066 984 1130 videtur
998 1071 1112 1127 tenere
1130 1066 1310 1148 conceptio

257 1167 295 1223 ut
310 1161 447 1224 nulla...
464 1161 609 1224 ecclesia
621 1160 782 1244 patuisset
797 1160 866 1239 (ΙΙΙ,
883 1163 926 1237 8).
997 1160 1041 1221 Ut
1062 1159 1090 1220 si
1114 1160 1199 1222 forte
1226 1159 1310 1221 tales

257 1255 368 1318 celare
383 1253 568 1336 diligerent
585 1260 618 1317 et
631 1255 777 1317 minime
789 1254 1013 1337 publicassent
1025 1253 1095 1331 (ΙΙΙ,
1112 1255 1175 1329 ll).
1238 1253 1308 1314 Ad-

257 1348 343 1411 dens
358 1348 476 1412 adhuc
490 1354 529 1410 ut
543 1349 663 1411 nullus
678 1348 880 1432 quempiam
896 1347 1037 1410 illorum
1052 1346 1204 1429 hospitio
1221 1347 1309 1410 rcci-

256 1448 361 1526 peret‚
385 1447 446 1505 aut
469 1442 675 1505 alimoniam
697 1443 901 1525 praestitisset
919 1441 988 1520 (ΙΙΙ,
1013 1443 1073 1517 15).
1160 1441 1310 1503 Notariis

256 1535 490 1600 scribentibus
512 1536 592 1618 quis
618 1537 704 1618 quid
729 1536 858 1599 diceret
873 1541 984 1619 (graec.
1006 1559 1011 1598 :
1030 1545 1073 1614 τίς
1087 1566 1113 1603 τι
1127 1535 1238 1624 λέγει),
1255 1537 1309 1600 vel

256 1651 297 1695 ex
315 1653 384 1715 qua
410 1633 549 1697 civitate
571 1634 688 1716 fuisset
700 1635 770 1712 (ΙΙΙ,
788 1636 850 1711 ts).
925 1635 968 1697 Ut
984 1635 1080 1698 nulla
1102 1637 1312 1698 remansisset

255 1726 380 1790 domus
394 1733 428 1790 et
442 1729 540 1791 locus
556 1728 617 1790 ubi
633 1748 703 1790 non
724 1728 840 1810 fuisset
864 1728 1024 1810 ejulatus,
1042 1737 1080 1792 ut
1095 1730 1185 1793 nulli
1204 1730 1307 1808 aetati,

256 1822 353 1885 nullo
378 1829 576 1905 parceretur
603 1823 701 1886 sexui
717 1824 787 1902 (ΙΙΙ,
805 1826 867 1899 21).
939 1825 1105 1907 Praecepit
1121 1831 1158 1887 ut
1172 1826 1310 1908 linguas

255 1921 288 1978 et
302 1936 428 1979 manus
445 1915 611 1979 radicitus
622 1916 890 1995 abscidisset(lll‚
904 1919 967 1993 30).
1037 1919 1070 1982 Si
1085 1939 1178 1982 nunc
1195 1939 1309 2002 super-

257 2015 371 2072 essent
386 2009 439 2072 vel
455 2009 504 2072 eis
520 2009 585 2072 fari
601 2009 643 2071 de
659 2009 790 2071 talibus
805 2010 908 2072 rebus
926 2010 1067 2074 licuisset
1080 2013 1150 2092 (ΙΙΙ,
1163 2014 1226 2089 61).

300 2138 367 2206 Tot
387 2144 471 2206 sunt
492 2140 570 2228 ejus
598 2141 649 2207 rei
680 2140 847 2229 exempla
879 2146 1018 2208 utnon
1043 2142 1202 2210 audeam
1224 2164 1310 2209 con-

255 2263 406 2333 tendere
436 2286 495 2333 me
525 2267 652 2334 omnia
680 2267 919 2335 recensuisse.
945 2265 1117 2337 Attamen
1142 2291 1184 2336 ca
1212 2271 1310 2338 suffi-

256 2393 357 2460 ciunt
372 2396 412 2458 ut
426 2392 537 2480 plane
554 2398 785 2480 compertum
801 2392 1005 2460 habeamus
1020 2394 1079 2460 vix
1094 2393 1168 2460 ulla
1185 2393 1310 2460 discri-

256 2515 358 2583 mina
377 2517 417 2582 in
432 2522 643 2605 temporum
660 2518 811 2585 notione
832 2523 866 2584 et
886 2538 954 2584 usu
978 2519 1016 2584 in
1038 2518 1194 2586 Victoris
1214 2520 1308 2587 libro

256 2640 394 2729 requiri
417 2661 538 2729 posse.
558 2640 650 2709 Sunt
674 2642 737 2728 qui
759 2641 882 2708 dicant
902 2642 964 2708 illa
987 2642 1199 2711 discrimina
1215 2645 1306 2731 jam,

255 2767 294 2833 in
309 2768 533 2857 quibusdam
549 2769 651 2854 locis,
666 2770 837 2837 Pla-utum
849 2776 884 2838 ct
895 2770 1107 2839 Terentium
1123 2773 1305 2860 rejecisse.

255 2889 348 2960 Ante
378 2895 506 2962 oculos
536 2894 688 2983 quidem
712 2896 832 2963 habco
868 2917 996 2963 eorum
1027 2899 1194 2986 exempla
1225 2920 1308 2986 quae

256 3042 341 3118 cum
366 3021 526 3090 Victoris
553 3024 730 3112 exemplis
752 3023 917 3091 conferre
940 3046 1016 3090 non
1046 3024 1222 3092 dubitabo
1242 3051 1248 3093 z

254 3148 424 3233 Periistis,
446 3149 484 3214 ni
502 3150 582 3237 jam
595 3149 696 3217 hunc
717 3171 736 3217 e
757 3158 955 3239 conspeetu
976 3150 1158 3219 abducitis
1173 3153 1305 3242 (Plaut.

257 3273 357 3362 Capi.
375 3271 467 3361 423),
494 3274 557 3340 ubi
581 3273 784 3361 perfectum
804 3295 871 3362 pro
894 3281 1074 3362 praesente
1099 3282 1160 3341 aut
1185 3275 1308 3342 futuro

255 3399 416 3487 ponitur.
438 3398 538 3466 Alias
554 3399 698 3488 sueram
719 3429 761 3456 Ξ
782 3421 908 3467 eram:
983 3401 1028 3467 Ut
1045 3401 1166 3490 suerat
1180 3408 1309 3469 natum

254 3523 375 3614 (Amp.
393 3524 474 3613 238)
487 3547 495 3611 ;
515 3546 591 3591 non
603 3524 749 3614 fuerant
766 3526 904 3613 nuptiae
919 3525 1051 3592 iuturae
1066 3526 1110 3615 (T
1112 3548 1177 3610 er.‚
1190 3526 1305 3595 Andr.

256 3649 346 3740 158).
373 3650 472 3718 Alias
497 3650 658 3741 denique
682 3652 1084 3741 plusquamperfectum
1104 3654 1308 3741 imperiecti

256 3777 353 3845 vices
368 3779 439 3867 agit
458 3802 464 3847 :
541 3777 587 3845 Ut
597 3779 710 3867 jacui,
725 3797 877 3867 exsurgo
893 3802 898 3846 :
913 3779 1041 3846 ardere
1053 3782 1179 3847 censui
1195 3781 1305 3866 aedes

255 3903 305 3970 ita
321 3902 691 3994 confulserantfflmp.
710 3904 812 3993 365);
886 3904 1165 3994 Amphitryonis
1179 3913 1213 3974 te
1230 3929 1308 3976 esse

255 4030 380 4097 aiebas
404 4030 560 4098 Sosiam.
582 4071 626 4080 -
653 4033 889 4100 Peccauerunt
918 4030 1054 4120 (drap,
1089 4031 1179 4122 191),
1207 4035 1308 4122 quod

219 4152 222 4156 ’
255 4163 380 4225 tamen
396 4158 569 4247 explicari
589 4166 709 4248 potest
724 4166 764 4227 ut
778 4161 950 4249 gallicum
970 4182 976 4225 :
986 4161 1025 4248 jc
1040 4160 1175 4228 m'e'tais
1196 4166 1307 4228 trom-

251 4288 298 4376 pd
312 4285 538 4378 (frequenter
557 4285 698 4355 dictum
716 4304 810 4377 pro:
825 4289 864 4377 je
879 4309 935 4356 me
951 4287 1149 4380 trompais).
1265 4327 1267 4333 ·
