<?xml version="1.0" encoding="UTF-8"?>
<!DOCTYPE html PUBLIC "-//W3C//DTD XHTML 1.0 Transitional//EN"
    "http://www.w3.org/TR/xhtml1/DTD/xhtml1-transitional.dtd">
<html xmlns="http://www.w3.org/1999/xhtml" xml:lang="en" lang="en">
 <head>
  <title>
</title>
<meta http-equiv="Content-Type" content="text/html;charset=utf-8" />
  <meta name='ocr-system' content='tesseract 3.04.00' />
  <meta name='ocr-capabilities' content='ocr_page ocr_carea ocr_par ocr_line ocrx_word'/>
</head>
<body>
  <div class='ocr_page' id='page_1' title='image "./devictorisviten00ferrgoog_0065.png"; bbox 0 0 3142 5084; ppageno 0'>
   <div class='ocr_carea' id='block_1_1' title="bbox 698 413 858 474">
    <p class='ocr_par' dir='ltr' id='par_1_1' title="bbox 698 413 858 474">
     <span class='ocr_line' id='line_1_1' title="bbox 698 413 858 474; baseline 0.013 -18"><span class='ocrx_word' id='word_1_1' title='bbox 698 413 858 474; x_wconf 72' lang='grc'><strong>-56-</strong></span> 
     </span>
    </p>
   </div>
   <div class='ocr_carea' id='block_1_2' title="bbox 171 573 1311 3330">
    <p class='ocr_par' dir='ltr' id='par_1_2' title="bbox 252 573 1308 1538">
     <span class='ocr_line' id='line_1_2' title="bbox 252 573 1305 665; baseline -0.005 -19"><span class='ocrx_word' id='word_1_2' title='bbox 252 577 351 647; x_wconf 93' lang='lat' dir='ltr'>Num</span> <span class='ocrx_word' id='word_1_3' title='bbox 367 584 405 645; x_wconf 88' lang='lat' dir='ltr'>tu</span> <span class='ocrx_word' id='word_1_4' title='bbox 422 579 460 665; x_wconf 77' lang='lat' dir='ltr'>in</span> <span class='ocrx_word' id='word_1_5' title='bbox 477 576 633 645; x_wconf 92' lang='lat' dir='ltr'>dubium</span> <span class='ocrx_word' id='word_1_6' title='bbox 646 577 875 645; x_wconf 84' lang='lat' dir='ltr'>revocaveris</span> <span class='ocrx_word' id='word_1_7' title='bbox 890 577 1016 643; x_wconf 92' lang='lat' dir='ltr'>omnia</span> <span class='ocrx_word' id='word_1_8' title='bbox 1032 596 1115 664; x_wconf 91' lang='lat' dir='ltr'>quae</span> <span class='ocrx_word' id='word_1_9' title='bbox 1132 573 1305 642; x_wconf 89' lang='lat' dir='ltr'>Sidonius</span> 
     </span>
     <span class='ocr_line' id='line_1_3' title="bbox 252 700 1306 799; baseline -0.006 -25"><span class='ocrx_word' id='word_1_10' title='bbox 252 704 487 794; x_wconf 84' lang='lat' dir='ltr'>Apollinaris,</span> <span class='ocrx_word' id='word_1_11' title='bbox 510 725 593 794; x_wconf 88' lang='lat' dir='ltr'>quae</span> <span class='ocrx_word' id='word_1_12' title='bbox 615 702 818 787; x_wconf 85' lang='lat' dir='ltr'>Salvianus,</span> <span class='ocrx_word' id='word_1_13' title='bbox 838 724 921 792; x_wconf 89' lang='lat' dir='ltr'>quae</span> <span class='ocrx_word' id='word_1_14' title='bbox 943 701 1106 799; x_wconf 85' lang='lat' dir='ltr'>Orosius,</span> <span class='ocrx_word' id='word_1_15' title='bbox 1125 722 1208 790; x_wconf 90' lang='lat' dir='ltr'>quae</span> <span class='ocrx_word' id='word_1_16' title='bbox 1227 700 1306 769; x_wconf 91' lang='lat' dir='ltr'>lda-</span> 
     </span>
     <span class='ocr_line' id='line_1_4' title="bbox 254 829 1304 922; baseline -0.007 -20"><span class='ocrx_word' id='word_1_17' title='bbox 254 835 344 919; x_wconf 88' lang='lat' dir='ltr'>cius,</span> <span class='ocrx_word' id='word_1_18' title='bbox 367 853 450 922; x_wconf 89' lang='lat' dir='ltr'>quae</span> <span class='ocrx_word' id='word_1_19' title='bbox 469 832 730 922; x_wconf 64' lang='lat' dir='ltr'>Hieronymus</span> <span class='ocrx_word' id='word_1_20' title='bbox 749 852 831 921; x_wconf 90' lang='lat' dir='ltr'>quae</span> <span class='ocrx_word' id='word_1_21' title='bbox 853 829 1047 920; x_wconf 80' lang='lat' dir='ltr'>Gregorius</span> <span class='ocrx_word' id='word_1_22' title='bbox 1066 829 1304 913; x_wconf 65' lang='lat' dir='ltr'>Turonensis</span> 
     </span>
     <span class='ocr_line' id='line_1_5' title="bbox 254 955 1307 1042; baseline -0.007 -13"><span class='ocrx_word' id='word_1_23' title='bbox 254 964 294 1030; x_wconf 95' lang='lat' dir='ltr'>ut</span> <span class='ocrx_word' id='word_1_24' title='bbox 322 964 474 1028; x_wconf 89' lang='lat' dir='ltr'>caeteros</span> <span class='ocrx_word' id='word_1_25' title='bbox 498 963 653 1042; x_wconf 89' lang='lat' dir='ltr'>taceam,</span> <span class='ocrx_word' id='word_1_26' title='bbox 676 957 722 1025; x_wconf 88' lang='lat' dir='ltr'>de</span> <span class='ocrx_word' id='word_1_27' title='bbox 752 955 959 1025; x_wconf 81' lang='lat' dir='ltr'>Gothorum</span> <span class='ocrx_word' id='word_1_28' title='bbox 988 961 1023 1025; x_wconf 91' lang='lat' dir='ltr'>et</span> <span class='ocrx_word' id='word_1_29' title='bbox 1053 955 1307 1024; x_wconf 91' lang='lat' dir='ltr'>Vandalorum</span> 
     </span>
     <span class='ocr_line' id='line_1_6' title="bbox 254 1084 1307 1173; baseline -0.008 -15"><span class='ocrx_word' id='word_1_30' title='bbox 254 1087 528 1158; x_wconf 85' lang='lat' dir='ltr'>incursionibus</span> <span class='ocrx_word' id='word_1_31' title='bbox 548 1085 752 1153; x_wconf 81' lang='lat' dir='ltr'>dixerunt‘l</span> <span class='ocrx_word' id='word_1_32' title='bbox 777 1084 813 1152; x_wconf 89' lang='lat' dir='ltr'>Si</span> <span class='ocrx_word' id='word_1_33' title='bbox 833 1085 890 1152; x_wconf 94' lang='lat' dir='ltr'>his</span> <span class='ocrx_word' id='word_1_34' title='bbox 911 1084 1149 1173; x_wconf 82' lang='lat' dir='ltr'>scriptoribus</span> <span class='ocrx_word' id='word_1_35' title='bbox 1166 1105 1208 1151; x_wconf 93' lang='lat' dir='ltr'>ea</span> <span class='ocrx_word' id='word_1_36' title='bbox 1224 1103 1307 1172; x_wconf 88' lang='lat' dir='ltr'>quae</span> 
     </span>
     <span class='ocr_line' id='line_1_7' title="bbox 253 1210 1308 1300; baseline -0.005 -17"><span class='ocrx_word' id='word_1_37' title='bbox 253 1215 426 1284; x_wconf 90' lang='lat' dir='ltr'>viderunt</span> <span class='ocrx_word' id='word_1_38' title='bbox 441 1214 675 1282; x_wconf 90' lang='lat' dir='ltr'>narrantibus</span> <span class='ocrx_word' id='word_1_39' title='bbox 691 1212 848 1297; x_wconf 86' lang='lat' dir='ltr'>diffidas,</span> <span class='ocrx_word' id='word_1_40' title='bbox 871 1233 1020 1280; x_wconf 91' lang='lat' dir='ltr'>necesse</span> <span class='ocrx_word' id='word_1_41' title='bbox 1040 1218 1094 1280; x_wconf 94' lang='lat' dir='ltr'>est</span> <span class='ocrx_word' id='word_1_42' title='bbox 1116 1210 1222 1279; x_wconf 93' lang='lat' dir='ltr'>cadat</span> <span class='ocrx_word' id='word_1_43' title='bbox 1237 1215 1308 1300; x_wconf 91' lang='lat' dir='ltr'>sty-</span> 
     </span>
     <span class='ocr_line' id='line_1_8' title="bbox 255 1338 1308 1426; baseline -0.004 -16"><span class='ocrx_word' id='word_1_44' title='bbox 255 1343 312 1410; x_wconf 93' lang='lat' dir='ltr'>lus</span> <span class='ocrx_word' id='word_1_45' title='bbox 328 1341 374 1410; x_wconf 93' lang='lat' dir='ltr'>de</span> <span class='ocrx_word' id='word_1_46' title='bbox 388 1343 572 1426; x_wconf 87' lang='lat' dir='ltr'>manibus,</span> <span class='ocrx_word' id='word_1_47' title='bbox 591 1347 626 1409; x_wconf 93' lang='lat' dir='ltr'>et</span> <span class='ocrx_word' id='word_1_48' title='bbox 641 1342 687 1409; x_wconf 93' lang='lat' dir='ltr'>ab</span> <span class='ocrx_word' id='word_1_49' title='bbox 703 1341 805 1409; x_wconf 92' lang='lat' dir='ltr'>omni</span> <span class='ocrx_word' id='word_1_50' title='bbox 821 1341 984 1408; x_wconf 89' lang='lat' dir='ltr'>historiae</span> <span class='ocrx_word' id='word_1_51' title='bbox 1000 1338 1204 1408; x_wconf 89' lang='lat' dir='ltr'>scribendae</span> <span class='ocrx_word' id='word_1_52' title='bbox 1221 1358 1308 1406; x_wconf 89' lang='lat' dir='ltr'>cura</span> 
     </span>
     <span class='ocr_line' id='line_1_9' title="bbox 256 1474 593 1538; baseline -0.006 0"><span class='ocrx_word' id='word_1_53' title='bbox 256 1475 420 1538; x_wconf 80' lang='lat' dir='ltr'><strong>mentem</strong></span> <span class='ocrx_word' id='word_1_54' title='bbox 439 1474 593 1537; x_wconf 81' lang='lat' dir='ltr'>avertas.</span> 
     </span>
    </p>

    <p class='ocr_par' dir='ltr' id='par_1_3' title="bbox 171 1594 1311 3330">
     <span class='ocr_line' id='line_1_10' title="bbox 221 1594 1309 1679; baseline -0.006 -12"><span class='ocrx_word' id='word_1_55' title='bbox 221 1661 226 1679; x_wconf 23' lang='grc' dir='ltr'>χ</span> <span class='ocrx_word' id='word_1_56' title='bbox 300 1597 437 1666; x_wconf 92' lang='lat' dir='ltr'>Verum</span> <span class='ocrx_word' id='word_1_57' title='bbox 453 1597 500 1665; x_wconf 95' lang='lat' dir='ltr'>ad</span> <span class='ocrx_word' id='word_1_58' title='bbox 514 1597 671 1667; x_wconf 84' lang='lat' dir='ltr'>Victoris</span> <span class='ocrx_word' id='word_1_59' title='bbox 693 1597 949 1665; x_wconf 87' lang='lat' dir='ltr'>auctoritatem</span> <span class='ocrx_word' id='word_1_60' title='bbox 968 1594 1241 1665; x_wconf 84' lang='lat' dir='ltr'>defendendam</span> <span class='ocrx_word' id='word_1_61' title='bbox 1254 1595 1309 1661; x_wconf 92' lang='lat' dir='ltr'>in-</span> 
     </span>
     <span class='ocr_line' id='line_1_11' title="bbox 256 1723 1309 1815; baseline -0.007 -19"><span class='ocrx_word' id='word_1_62' title='bbox 256 1727 348 1796; x_wconf 91' lang='lat' dir='ltr'>citor</span> <span class='ocrx_word' id='word_1_63' title='bbox 366 1725 559 1794; x_wconf 86' lang='lat' dir='ltr'>manifesta</span> <span class='ocrx_word' id='word_1_64' title='bbox 579 1747 703 1794; x_wconf 92' lang='lat' dir='ltr'>rerum</span> <span class='ocrx_word' id='word_1_65' title='bbox 717 1746 808 1815; x_wconf 91' lang='lat' dir='ltr'>quas</span> <span class='ocrx_word' id='word_1_66' title='bbox 824 1726 949 1792; x_wconf 87' lang='lat' dir='ltr'>scribit</span> <span class='ocrx_word' id='word_1_67' title='bbox 969 1723 1207 1813; x_wconf 90' lang='lat' dir='ltr'>congruentia</span> <span class='ocrx_word' id='word_1_68' title='bbox 1223 1744 1309 1790; x_wconf 91' lang='lat' dir='ltr'>cum</span> 
     </span>
     <span class='ocr_line' id='line_1_12' title="bbox 256 1852 1310 1944; baseline -0.007 -19"><span class='ocrx_word' id='word_1_69' title='bbox 256 1856 301 1925; x_wconf 92' lang='lat' dir='ltr'>iis</span> <span class='ocrx_word' id='word_1_70' title='bbox 320 1876 403 1944; x_wconf 90' lang='lat' dir='ltr'>quae</span> <span class='ocrx_word' id='word_1_71' title='bbox 418 1854 480 1923; x_wconf 94' lang='lat' dir='ltr'>alii</span> <span class='ocrx_word' id='word_1_72' title='bbox 500 1854 697 1943; x_wconf 89' lang='lat' dir='ltr'>scriptores</span> <span class='ocrx_word' id='word_1_73' title='bbox 713 1854 821 1921; x_wconf 90' lang='lat' dir='ltr'>nobis</span> <span class='ocrx_word' id='word_1_74' title='bbox 837 1853 883 1920; x_wconf 92' lang='lat' dir='ltr'>de</span> <span class='ocrx_word' id='word_1_75' title='bbox 903 1853 965 1920; x_wconf 93' lang='lat' dir='ltr'>illa</span> <span class='ocrx_word' id='word_1_76' title='bbox 981 1852 1230 1920; x_wconf 90' lang='lat' dir='ltr'>Barbarorum</span> <span class='ocrx_word' id='word_1_77' title='bbox 1243 1852 1310 1918; x_wconf 94' lang='lat' dir='ltr'>im-</span> 
     </span>
     <span class='ocr_line' id='line_1_13' title="bbox 256 1974 1310 2067; baseline -0.005 -19"><span class='ocrx_word' id='word_1_78' title='bbox 256 1980 432 2048; x_wconf 89' lang='lat' dir='ltr'>manitate</span> <span class='ocrx_word' id='word_1_79' title='bbox 446 1977 688 2047; x_wconf 88' lang='lat' dir='ltr'>tradiderunt.</span> <span class='ocrx_word' id='word_1_80' title='bbox 713 1977 766 2046; x_wconf 90' lang='lat' dir='ltr'>Ea</span> <span class='ocrx_word' id='word_1_81' title='bbox 782 1999 865 2067; x_wconf 90' lang='lat' dir='ltr'>quae</span> <span class='ocrx_word' id='word_1_82' title='bbox 885 1978 943 2045; x_wconf 93' lang='lat' dir='ltr'>isti</span> <span class='ocrx_word' id='word_1_83' title='bbox 963 1978 1002 2044; x_wconf 93' lang='lat' dir='ltr'>in</span> <span class='ocrx_word' id='word_1_84' title='bbox 1023 1974 1158 2044; x_wconf 87' lang='lat' dir='ltr'>Gallias</span> <span class='ocrx_word' id='word_1_85' title='bbox 1177 1996 1310 2065; x_wconf 89' lang='lat' dir='ltr'>perpe-</span> 
     </span>
     <span class='ocr_line' id='line_1_14' title="bbox 256 2101 1310 2174; baseline -0.002 -1"><span class='ocrx_word' id='word_1_86' title='bbox 256 2110 445 2174; x_wconf 90' lang='lat' dir='ltr'>traverunt</span> <span class='ocrx_word' id='word_1_87' title='bbox 459 2110 638 2173; x_wconf 84' lang='lat' dir='ltr'>testantur</span> <span class='ocrx_word' id='word_1_88' title='bbox 656 2110 799 2173; x_wconf 88' lang='lat' dir='ltr'>vetusta</span> <span class='ocrx_word' id='word_1_89' title='bbox 814 2105 1016 2173; x_wconf 91' lang='lat' dir='ltr'>multarum</span> <span class='ocrx_word' id='word_1_90' title='bbox 1046 2102 1173 2170; x_wconf 88' lang='lat' dir='ltr'>Galliae</span> <span class='ocrx_word' id='word_1_91' title='bbox 1194 2101 1310 2171; x_wconf 90' lang='lat' dir='ltr'>eccle-</span> 
     </span>
     <span class='ocr_line' id='line_1_15' title="bbox 257 2232 1311 2321; baseline -0.005 -20"><span class='ocrx_word' id='word_1_92' title='bbox 257 2232 395 2301; x_wconf 88' lang='lat' dir='ltr'>siarum</span> <span class='ocrx_word' id='word_1_93' title='bbox 415 2237 658 2299; x_wconf 89' lang='lat' dir='ltr'>monumenta</span> <span class='ocrx_word' id='word_1_94' title='bbox 678 2253 761 2320; x_wconf 90' lang='lat' dir='ltr'>quae</span> <span class='ocrx_word' id='word_1_95' title='bbox 781 2232 842 2300; x_wconf 89' lang='lat' dir='ltr'>hic</span> <span class='ocrx_word' id='word_1_96' title='bbox 857 2232 1054 2321; x_wconf 90' lang='lat' dir='ltr'>explanare</span> <span class='ocrx_word' id='word_1_97' title='bbox 1082 2251 1151 2297; x_wconf 89' lang='lat' dir='ltr'>nec</span> <span class='ocrx_word' id='word_1_98' title='bbox 1166 2234 1311 2318; x_wconf 87' lang='lat' dir='ltr'>oportet</span> 
     </span>
     <span class='ocr_line' id='line_1_16' title="bbox 256 2353 1310 2446; baseline -0.005 -20"><span class='ocrx_word' id='word_1_99' title='bbox 256 2378 326 2426; x_wconf 89' lang='lat' dir='ltr'>nec</span> <span class='ocrx_word' id='word_1_100' title='bbox 339 2363 455 2443; x_wconf 87' lang='lat' dir='ltr'>vacat,</span> <span class='ocrx_word' id='word_1_101' title='bbox 486 2358 691 2446; x_wconf 89' lang='lat' dir='ltr'>praesertim</span> <span class='ocrx_word' id='word_1_102' title='bbox 711 2379 796 2425; x_wconf 92' lang='lat' dir='ltr'>cum</span> <span class='ocrx_word' id='word_1_103' title='bbox 816 2379 893 2425; x_wconf 90' lang='lat' dir='ltr'>non</span> <span class='ocrx_word' id='word_1_104' title='bbox 911 2356 1068 2427; x_wconf 91' lang='lat' dir='ltr'>Vandali</span> <span class='ocrx_word' id='word_1_105' title='bbox 1089 2355 1223 2439; x_wconf 90' lang='lat' dir='ltr'>solum,</span> <span class='ocrx_word' id='word_1_106' title='bbox 1245 2353 1310 2422; x_wconf 93' lang='lat' dir='ltr'>sed</span> 
     </span>
     <span class='ocr_line' id='line_1_17' title="bbox 257 2479 1307 2571; baseline -0.004 -19"><span class='ocrx_word' id='word_1_107' title='bbox 257 2484 339 2552; x_wconf 89' lang='lat' dir='ltr'>aliae</span> <span class='ocrx_word' id='word_1_108' title='bbox 350 2484 461 2552; x_wconf 94' lang='lat' dir='ltr'>etiam</span> <span class='ocrx_word' id='word_1_109' title='bbox 469 2481 978 2571; x_wconf 83' lang='lat' dir='ltr'>gentesbarbaraeillascelera</span> <span class='ocrx_word' id='word_1_110' title='bbox 986 2479 1307 2570; x_wconf 82' lang='lat' dir='ltr'>commiserint(l).</span> 
     </span>
     <span class='ocr_line' id='line_1_18' title="bbox 259 2609 1310 2700; baseline -0.001 -23"><span class='ocrx_word' id='word_1_111' title='bbox 259 2609 330 2678; x_wconf 92' lang='lat' dir='ltr'>Sed</span> <span class='ocrx_word' id='word_1_112' title='bbox 350 2610 432 2700; x_wconf 92' lang='lat' dir='ltr'>quis</span> <span class='ocrx_word' id='word_1_113' title='bbox 442 2609 638 2699; x_wconf 91' lang='lat' dir='ltr'>Hispanias</span> <span class='ocrx_word' id='word_1_114' title='bbox 654 2614 851 2699; x_wconf 89' lang='lat' dir='ltr'>occupatas</span> <span class='ocrx_word' id='word_1_115' title='bbox 865 2609 977 2677; x_wconf 88' lang='lat' dir='ltr'>fuisse</span> <span class='ocrx_word' id='word_1_116' title='bbox 993 2615 1099 2698; x_wconf 91' lang='lat' dir='ltr'>neget</span> <span class='ocrx_word' id='word_1_117' title='bbox 1115 2614 1149 2676; x_wconf 93' lang='lat' dir='ltr'>et</span> <span class='ocrx_word' id='word_1_118' title='bbox 1163 2613 1310 2676; x_wconf 84' lang='lat' dir='ltr'>vexatas</span> 
     </span>
     <span class='ocr_line' id='line_1_19' title="bbox 258 2736 1311 2826; baseline 0 -22"><span class='ocrx_word' id='word_1_119' title='bbox 258 2737 304 2804; x_wconf 90' lang='lat' dir='ltr'>ab</span> <span class='ocrx_word' id='word_1_120' title='bbox 318 2737 450 2805; x_wconf 91' lang='lat' dir='ltr'>iisdem</span> <span class='ocrx_word' id='word_1_121' title='bbox 465 2738 633 2805; x_wconf 90' lang='lat' dir='ltr'>hostibus</span> <span class='ocrx_word' id='word_1_122' title='bbox 645 2738 707 2826; x_wconf 92' lang='lat' dir='ltr'>qui</span> <span class='ocrx_word' id='word_1_123' title='bbox 716 2736 877 2805; x_wconf 79' lang='lat' dir='ltr'>Africam</span> <span class='ocrx_word' id='word_1_124' title='bbox 890 2759 966 2805; x_wconf 92' lang='lat' dir='ltr'>non</span> <span class='ocrx_word' id='word_1_125' title='bbox 975 2737 1092 2804; x_wconf 92' lang='lat' dir='ltr'>multo</span> <span class='ocrx_word' id='word_1_126' title='bbox 1105 2743 1189 2826; x_wconf 92' lang='lat' dir='ltr'>post</span> <span class='ocrx_word' id='word_1_127' title='bbox 1204 2757 1311 2804; x_wconf 92' lang='lat' dir='ltr'>occu-</span> 
     </span>
     <span class='ocr_line' id='line_1_20' title="bbox 171 2865 1310 2953; baseline 0.003 -22"><span class='ocrx_word' id='word_1_128' title='bbox 171 2876 173 2880; x_wconf 82' lang='grc'>’</span> <span class='ocrx_word' id='word_1_129' title='bbox 258 2866 379 2953; x_wconf 90' lang='lat' dir='ltr'>paturi</span> <span class='ocrx_word' id='word_1_130' title='bbox 408 2870 443 2932; x_wconf 92' lang='lat' dir='ltr'>et</span> <span class='ocrx_word' id='word_1_131' title='bbox 461 2866 625 2934; x_wconf 86' lang='lat' dir='ltr'>vexaturi</span> <span class='ocrx_word' id='word_1_132' title='bbox 645 2871 760 2950; x_wconf 85' lang='lat' dir='ltr'>erant,</span> <span class='ocrx_word' id='word_1_133' title='bbox 779 2866 917 2933; x_wconf 90' lang='lat' dir='ltr'>scilicet</span> <span class='ocrx_word' id='word_1_134' title='bbox 936 2867 982 2934; x_wconf 92' lang='lat' dir='ltr'>ab</span> <span class='ocrx_word' id='word_1_135' title='bbox 1011 2865 1137 2933; x_wconf 86' lang='lat' dir='ltr'>Alanis</span> <span class='ocrx_word' id='word_1_136' title='bbox 1158 2871 1192 2934; x_wconf 94' lang='lat' dir='ltr'>et</span> <span class='ocrx_word' id='word_1_137' title='bbox 1211 2865 1310 2934; x_wconf 91' lang='lat' dir='ltr'>Van-</span> 
     </span>
     <span class='ocr_line' id='line_1_21' title="bbox 258 2987 1310 3078; baseline -0.001 -22"><span class='ocrx_word' id='word_1_138' title='bbox 258 2988 380 3056; x_wconf 83' lang='lat' dir='ltr'>dalis‘?</span> <span class='ocrx_word' id='word_1_139' title='bbox 396 2987 486 3071; x_wconf 82' lang='lat' dir='ltr'>Quae</span> <span class='ocrx_word' id='word_1_140' title='bbox 503 2987 728 3056; x_wconf 87' lang='lat' dir='ltr'>crudelitatis</span> <span class='ocrx_word' id='word_1_141' title='bbox 747 2989 911 3056; x_wconf 89' lang='lat' dir='ltr'>facinora</span> <span class='ocrx_word' id='word_1_142' title='bbox 936 2990 975 3055; x_wconf 90' lang='lat' dir='ltr'>in</span> <span class='ocrx_word' id='word_1_143' title='bbox 994 2989 1064 3056; x_wconf 92' lang='lat' dir='ltr'>hac</span> <span class='ocrx_word' id='word_1_144' title='bbox 1083 2989 1231 3078; x_wconf 84' lang='lat' dir='ltr'>regione</span> <span class='ocrx_word' id='word_1_145' title='bbox 1251 2989 1310 3056; x_wconf 92' lang='lat' dir='ltr'>isti</span> 
     </span>
     <span class='ocr_line' id='line_1_22' title="bbox 258 3115 1310 3206; baseline 0 -22"><span class='ocrx_word' id='word_1_146' title='bbox 258 3116 442 3184; x_wconf 91' lang='lat' dir='ltr'>ediderint</span> <span class='ocrx_word' id='word_1_147' title='bbox 455 3115 580 3184; x_wconf 89' lang='lat' dir='ltr'>videre</span> <span class='ocrx_word' id='word_1_148' title='bbox 601 3121 654 3184; x_wconf 90' lang='lat' dir='ltr'>est</span> <span class='ocrx_word' id='word_1_149' title='bbox 669 3117 769 3205; x_wconf 93' lang='lat' dir='ltr'>apud</span> <span class='ocrx_word' id='word_1_150' title='bbox 784 3117 991 3205; x_wconf 64' lang='lat' dir='ltr'>scriptores</span> <span class='ocrx_word' id='word_1_151' title='bbox 1007 3138 1050 3184; x_wconf 86' lang='lat' dir='ltr'>ex</span> <span class='ocrx_word' id='word_1_152' title='bbox 1066 3138 1226 3206; x_wconf 90' lang='lat' dir='ltr'>quorum</span> <span class='ocrx_word' id='word_1_153' title='bbox 1241 3123 1310 3184; x_wconf 93' lang='lat' dir='ltr'>tes-</span> 
     </span>
     <span class='ocr_line' id='line_1_23' title="bbox 257 3229 1310 3330; baseline 0.002 -22"><span class='ocrx_word' id='word_1_154' title='bbox 257 3241 423 3309; x_wconf 85' lang='lat' dir='ltr'>timoniis</span> <span class='ocrx_word' id='word_1_155' title='bbox 441 3240 579 3309; x_wconf 90' lang='lat' dir='ltr'>Victori</span> <span class='ocrx_word' id='word_1_156' title='bbox 599 3242 882 3330; x_wconf 85' lang='lat' dir='ltr'>suffragantibus</span> <span class='ocrx_word' id='word_1_157' title='bbox 911 3246 1010 3328; x_wconf 88' lang='lat' dir='ltr'>patet</span> <span class='ocrx_word' id='word_1_158' title='bbox 1029 3229 1225 3329; x_wconf 89' lang='lat' dir='ltr'>Hispanias</span> <span class='ocrx_word' id='word_1_159' title='bbox 1245 3263 1310 3330; x_wconf 94' lang='lat' dir='ltr'>pe-</span> 
     </span>
    </p>
   </div>
   <div class='ocr_carea' id='block_1_3' title="bbox 258 3351 1309 3456">
    <p class='ocr_par' dir='ltr' id='par_1_4' title="bbox 258 3351 1309 3456">
     <span class='ocr_line' id='line_1_24' title="bbox 258 3351 1309 3456; baseline 0 -22"><span class='ocrx_word' id='word_1_160' title='bbox 258 3368 356 3434; x_wconf 91' lang='lat' dir='ltr'>nitus</span> <span class='ocrx_word' id='word_1_161' title='bbox 375 3371 533 3435; x_wconf 86' lang='lat' dir='ltr'>vastatas</span> <span class='ocrx_word' id='word_1_162' title='bbox 553 3351 643 3452; x_wconf 79' lang='lat' dir='ltr'>esse,</span> <span class='ocrx_word' id='word_1_163' title='bbox 666 3372 701 3435; x_wconf 91' lang='lat' dir='ltr'>et</span> <span class='ocrx_word' id='word_1_164' title='bbox 720 3367 904 3456; x_wconf 91' lang='lat' dir='ltr'>Hispanos</span> <span class='ocrx_word' id='word_1_165' title='bbox 918 3369 1021 3434; x_wconf 89' lang='lat' dir='ltr'>omni</span> <span class='ocrx_word' id='word_1_166' title='bbox 1042 3368 1309 3456; x_wconf 90' lang='lat' dir='ltr'>suppliciorum</span> 
     </span>
    </p>
   </div>
   <div class='ocr_carea' id='block_1_4' title="bbox 257 3493 1310 3833">
    <p class='ocr_par' dir='ltr' id='par_1_5' title="bbox 257 3493 1310 3833">
     <span class='ocr_line' id='line_1_25' title="bbox 257 3493 1309 3589; baseline 0.001 -27"><span class='ocrx_word' id='word_1_167' title='bbox 257 3512 389 3589; x_wconf 80' lang='lat' dir='ltr'>genere</span> <span class='ocrx_word' id='word_1_168' title='bbox 409 3495 646 3562; x_wconf 83' lang='lat' dir='ltr'>excruciatos.</span> <span class='ocrx_word' id='word_1_169' title='bbox 664 3493 710 3561; x_wconf 86' lang='lat' dir='ltr'>At</span> <span class='ocrx_word' id='word_1_170' title='bbox 728 3495 807 3582; x_wconf 88' lang='lat' dir='ltr'>lege</span> <span class='ocrx_word' id='word_1_171' title='bbox 820 3514 863 3562; x_wconf 91' lang='lat' dir='ltr'>ea</span> <span class='ocrx_word' id='word_1_172' title='bbox 877 3515 960 3582; x_wconf 91' lang='lat' dir='ltr'>quae</span> <span class='ocrx_word' id='word_1_173' title='bbox 972 3494 1017 3562; x_wconf 92' lang='lat' dir='ltr'>de</span> <span class='ocrx_word' id='word_1_174' title='bbox 1033 3495 1096 3562; x_wconf 94' lang='lat' dir='ltr'>illa</span> <span class='ocrx_word' id='word_1_175' title='bbox 1106 3496 1309 3563; x_wconf 88' lang='lat' dir='ltr'>vastatione</span> 
     </span>
     <span class='ocr_line' id='line_1_26' title="bbox 258 3620 1310 3711; baseline 0.003 -24"><span class='ocrx_word' id='word_1_176' title='bbox 258 3621 403 3708; x_wconf 91' lang='lat' dir='ltr'>scripsit</span> <span class='ocrx_word' id='word_1_177' title='bbox 422 3621 522 3687; x_wconf 88' lang='lat' dir='ltr'>testis</span> <span class='ocrx_word' id='word_1_178' title='bbox 541 3620 685 3688; x_wconf 91' lang='lat' dir='ltr'>ldacius</span> <span class='ocrx_word' id='word_1_179' title='bbox 705 3644 711 3687; x_wconf 91' lang='lat'>:</span> <span class='ocrx_word' id='word_1_180' title='bbox 732 3644 748 3686; x_wconf 79' lang='lat' dir='ltr'>c</span> <span class='ocrx_word' id='word_1_181' title='bbox 764 3620 954 3689; x_wconf 89' lang='lat' dir='ltr'>Subversis</span> <span class='ocrx_word' id='word_1_182' title='bbox 970 3627 1174 3690; x_wconf 88' lang='lat' dir='ltr'>memorata</span> <span class='ocrx_word' id='word_1_183' title='bbox 1189 3623 1310 3711; x_wconf 92' lang='lat' dir='ltr'>plaga-</span> 
     </span>
     <span class='ocr_line' id='line_1_27' title="bbox 257 3744 1309 3833; baseline 0.001 -22"><span class='ocrx_word' id='word_1_184' title='bbox 257 3765 341 3811; x_wconf 95' lang='lat' dir='ltr'>rum</span> <span class='ocrx_word' id='word_1_185' title='bbox 356 3744 580 3832; x_wconf 88' lang='lat' dir='ltr'>grassatione</span> <span class='ocrx_word' id='word_1_186' title='bbox 600 3744 787 3832; x_wconf 89' lang='lat' dir='ltr'>Hispaniae</span> <span class='ocrx_word' id='word_1_187' title='bbox 806 3745 1048 3833; x_wconf 82' lang='lat' dir='ltr'>provinciis..</span> <span class='ocrx_word' id='word_1_188' title='bbox 1072 3751 1169 3812; x_wconf 92' lang='lat' dir='ltr'>sorte</span> <span class='ocrx_word' id='word_1_189' title='bbox 1185 3744 1232 3812; x_wconf 93' lang='lat' dir='ltr'>ad</span> <span class='ocrx_word' id='word_1_190' title='bbox 1243 3745 1309 3812; x_wconf 92' lang='lat' dir='ltr'>ha-</span> 
     </span>
    </p>
   </div>
   <div class='ocr_carea' id='block_1_5' title="bbox 201 3871 1311 4089">
    <p class='ocr_par' dir='ltr' id='par_1_6' title="bbox 201 3871 1311 4089">
     <span class='ocr_line' id='line_1_28' title="bbox 257 3871 1310 3963; baseline 0.001 -25"><span class='ocrx_word' id='word_1_191' title='bbox 257 3871 451 3938; x_wconf 92' lang='lat' dir='ltr'>bitandum</span> <span class='ocrx_word' id='word_1_192' title='bbox 472 3872 540 3938; x_wconf 92' lang='lat' dir='ltr'>sibi</span> <span class='ocrx_word' id='word_1_193' title='bbox 560 3873 835 3961; x_wconf 85' lang='lat' dir='ltr'>provinciarum</span> <span class='ocrx_word' id='word_1_194' title='bbox 856 3873 1026 3941; x_wconf 89' lang='lat' dir='ltr'>dividunt</span> <span class='ocrx_word' id='word_1_195' title='bbox 1036 3874 1214 3963; x_wconf 89' lang='lat' dir='ltr'>regiones.</span> <span class='ocrx_word' id='word_1_196' title='bbox 1230 3874 1310 3940; x_wconf 91' lang='lat' dir='ltr'>His-</span> 
     </span>
     <span class='ocr_line' id='line_1_29' title="bbox 201 3997 1311 4089; baseline 0.002 -24"><span class='ocrx_word' id='word_1_197' title='bbox 201 4081 203 4083; x_wconf 8' lang='lat'><em>*</em></span> <span class='ocrx_word' id='word_1_198' title='bbox 257 3997 345 4086; x_wconf 91' lang='lat' dir='ltr'>pani</span> <span class='ocrx_word' id='word_1_199' title='bbox 360 4018 427 4086; x_wconf 92' lang='lat' dir='ltr'>per</span> <span class='ocrx_word' id='word_1_200' title='bbox 446 3997 609 4065; x_wconf 89' lang='lat' dir='ltr'>civitates</span> <span class='ocrx_word' id='word_1_201' title='bbox 625 4003 660 4066; x_wconf 97' lang='lat' dir='ltr'>et</span> <span class='ocrx_word' id='word_1_202' title='bbox 679 3998 826 4067; x_wconf 92' lang='lat' dir='ltr'>castella</span> <span class='ocrx_word' id='word_1_203' title='bbox 846 3999 983 4067; x_wconf 90' lang='lat' dir='ltr'>residui</span> <span class='ocrx_word' id='word_1_204' title='bbox 1000 4000 1158 4089; x_wconf 78' lang='lat' dir='ltr'>aplagiS‚</span> <span class='ocrx_word' id='word_1_205' title='bbox 1177 3999 1311 4067; x_wconf 90' lang='lat' dir='ltr'>Barba·</span> 
     </span>
    </p>
   </div>
   <div class='ocr_carea' id='block_1_6' title="bbox 258 4258 1310 4386">
    <p class='ocr_par' dir='ltr' id='par_1_7' title="bbox 258 4258 1310 4386">
     <span class='ocr_line' id='line_1_30' title="bbox 258 4258 1310 4386; baseline 0.008 -82"><span class='ocrx_word' id='word_1_206' title='bbox 258 4258 324 4386; x_wconf 46' lang='lat' dir='ltr'>sqq)</span> <span class='ocrx_word' id='word_1_207' title='bbox 343 4259 371 4306; x_wconf 86' lang='lat' dir='ltr'>V.</span> <span class='ocrx_word' id='word_1_208' title='bbox 390 4259 501 4315; x_wconf 84' lang='lat' dir='ltr'>Ruinart,</span> <span class='ocrx_word' id='word_1_209' title='bbox 515 4259 613 4310; x_wconf 75' lang='lat' dir='ltr'>litator.</span> <span class='ocrx_word' id='word_1_210' title='bbox 627 4264 753 4325; x_wconf 78' lang='lat' dir='ltr'>persecut.</span> <span class='ocrx_word' id='word_1_211' title='bbox 766 4260 909 4311; x_wconf 82' lang='lat' dir='ltr'>rarulolicae.</span> <span class='ocrx_word' id='word_1_212' title='bbox 922 4262 996 4311; x_wconf 81' lang='lat' dir='ltr'>Patr.</span> <span class='ocrx_word' id='word_1_213' title='bbox 1015 4261 1074 4322; x_wconf 65' lang='lat' dir='ltr'>lul„</span> <span class='ocrx_word' id='word_1_214' title='bbox 1089 4262 1166 4311; x_wconf 85' lang='lat' dir='ltr'>llllll.</span> <span class='ocrx_word' id='word_1_215' title='bbox 1179 4261 1239 4326; x_wconf 83' lang='lat' dir='ltr'>(col.</span> <span class='ocrx_word' id='word_1_216' title='bbox 1255 4261 1310 4320; x_wconf 81' lang='lat'><strong>359,</strong></span> 
     </span>
    </p>
   </div>
   <div class='ocr_carea' id='block_1_7' title="bbox 0 0 1584 5084">
    <p class='ocr_par' dir='ltr' id='par_1_8' title="bbox 0 0 1584 5084">
     <span class='ocr_line' id='line_1_31' title="bbox 0 0 1584 5084; baseline 0 0"><span class='ocrx_word' id='word_1_217' title='bbox 0 0 1584 5084; x_wconf 95' lang='lat' dir='ltr'> </span> 
     </span>
    </p>
   </div>
  </div>
 </body>
</html>
