3142 5084
702 445 863 508 ..73-

254 615 473 702 cusandum,
483 614 580 685 dicat
594 616 801 715 eumssrebus
813 615 926 683 sacris
939 614 1056 684 multo
1068 615 1183 706 magis
1195 636 1307 705 quam

254 746 365 815 rebus
383 743 543 834 politicis
565 741 759 812 studuisse.
782 741 881 811 Esto.
904 741 1018 812 Multa
1037 748 1122 812 sunt
1140 764 1228 812 vero
1249 743 1308 811 vel

256 871 304 941 ad
334 872 550 962 religionem
577 876 722 939 tantum
750 857 989 959 pertinentia,
1021 876 1056 939 et
1085 892 1127 939 ea
1156 869 1308 960 quidem

257 1000 409 1069 maximi
428 1000 620 1084 momenti,
644 1018 726 1087 quae
747 1003 810 1066 aut
834 999 1080 1087 praetermittit
1105 1004 1168 1067 aut
1192 999 1310 1067 obiter

258 1130 293 1193 et
313 1144 387 1193 uno
407 1124 521 1191 verbo
536 1122 686 1191 indicat.
710 1120 801 1205 Quis
816 1122 942 1191 credat
955 1122 1141 1191 Victorem
1156 1121 1310 1213 Eugenii

258 1251 569 1341 Carthaginiensis
589 1250 760 1318 exsilium
780 1251 884 1339 quasi
901 1271 945 1319 ex
958 1250 1108 1318 fortuito
1128 1250 1309 1338 retulisse,

257 1377 1311 1470 necquadecausa,necquotemporeeveneritdixisse(1)‘l

258 1504 380 1590 Quare
400 1505 511 1573 etiam
531 1510 715 1573 reservata
735 1505 987 1573 exsulantibus
1005 1506 1087 1574 loca
1107 1527 1183 1574 non
1202 1506 1312 1596 plane

257 1657 326 1704 nos
352 1635 505 1704 docuit‘l
531 1634 837 1723 Conjecturarum
856 1636 966 1725 igitur
985 1637 1218 1704 occasionem
1244 1658 1313 1725 po-

257 1763 445 1853 tiusquam
464 1763 627 1831 veritatis
646 1763 769 1831 lucem
785 1763 892 1830 nobis
907 1783 1072 1852 persaepe
1087 1764 1212 1832 Victor
1227 1759 1312 1832 reliss

246 1891 351 1982 quit,
382 1890 485 1981 quod
511 1892 544 1958 ei
572 1890 785 1979 exprobrari
813 1894 945 1979 potest,
977 1891 1121 1959 tametsi
1152 1892 1313 1961 maxime

260 2019 447 2088 brevitatis
467 2018 589 2086 studio
609 2017 814 2086 indulserit.

303 2146 411 2232 Nam,
430 2147 599 2235 quamvis
619 2151 704 2214 ante
728 2146 854 2214 omnia
874 2147 1175 2234 persecutionum
1201 2147 1314 2218 histo-

261 2275 354 2343 riam
375 2295 546 2342 enarrare
566 2274 635 2341 sibi
655 2273 901 2362 proposuerit,
924 2294 1047 2362 operae
1067 2275 1227 2362 pretium
1246 2275 1315 2343 fuit

258 2423 376 2492 pauca
402 2401 591 2470 interdum
620 2401 666 2469 de
694 2402 804 2469 rebus
828 2401 987 2490 politicis
1017 2400 1208 2488 disserere,
1231 2404 1313 2492 qui·

259 2531 328 2599 bus
343 2529 405 2598 illa
419 2528 673 2598 Vandalorum
688 2528 726 2594 in
742 2529 961 2596 christianos
976 2529 1187 2597 immanitas
1203 2530 1315 2618 expli·

260 2663 373 2727 catur.
393 2656 464 2726 Sed
483 2656 523 2724 id
538 2678 623 2725 eum
644 2676 688 2723 ex
707 2656 876 2724 consulto
896 2657 1173 2747 praetermisisse
1188 2657 1311 2742 credo,

260 2807 304 2854 ex
337 2806 411 2876 quo
437 2784 610 2875 quaedam
635 2783 838 2852 vandalicae
873 2784 1097 2853 crudelitatis
1128 2787 1314 2855 excusatio

259 2914 346 2982 oriri
375 2913 565 3002 potuisset.
598 2911 795 2982 Neminem
829 2914 929 2981 enlm
955 2913 1047 2982 fallit
1073 2935 1094 2981 a
1122 2914 1311 3000 Romanis,

258 3046 409 3131 propter
428 3041 617 3130 politicam
637 3042 832 3125 rationem,
855 3042 1074 3110 christianos
1095 3042 1145 3109 ita
1165 3047 1314 3110 vexatos

258 3170 369 3238 fuisse
389 3175 429 3237 ut
449 3190 578 3237 eorum
598 3170 745 3258 sanguis
774 3190 851 3236 non
877 3170 999 3237 solum
1024 3170 1064 3236 in
1090 3168 1222 3254 Africa,
1250 3169 1314 3237 sed

229 3264 237 3287 ’
260 3297 370 3363 etiam
386 3296 425 3361 in
439 3294 524 3362 Asia
540 3300 575 3363 ct
594 3293 742 3383 Europa
758 3295 914 3363 fluxerit.
933 3294 1017 3365 Non
1032 3294 1162 3362 similis
1176 3294 1313 3363 Victori

259 3422 405 3491 videtur
419 3421 671 3491 Vandalorum
687 3422 818 3512 agendi
834 3424 941 3508 ratic,
960 3445 1053 3512 quos
1069 3422 1189 3491 solum
1205 3423 1313 3489 insita

261 3556 296 3619 et
314 3551 488 3619 inusitata
506 3550 648 3618 feritate
669 3555 703 3617 et
723 3549 908 3637 inexpleto
928 3549 967 3616 in
987 3549 1206 3617 christianos
1226 3548 1313 3617 odio

232 3735 238 3740 ,
259 3677 440 3766 impulsos
453 3676 616 3766 depingit
629 3698 636 3761 3
654 3680 764 3764 atque
778 3673 1017 3744 Gensericum
1026 3681 1061 3743 et
1071 3675 1311 3762 Huncricum,

260 3807 323 3895 qui
343 3825 469 3873 revera
490 3802 731 3894 dissimilibus
751 3803 870 3870 causis
895 3800 1062 3871 crudeles
1080 3801 1194 3886 fuere,
1212 3801 1313 3890 judi-

259 3934 317 4002 cio
337 3953 413 4000 non
434 3932 520 4000 satis
547 3931 692 4000 diverso
713 3930 912 4016 discernn3
940 3951 1014 4020 quo
1038 3931 1216 3998 intereos
1239 3929 1313 3997 dis-

259 4056 413 4125 crimine
429 4054 607 4145 neglecto,
622 4076 840 4144 persuasum
856 4055 966 4123 habet
977 4054 1092 4123 lector
1101 4051 1218 4143 (quod
1233 4052 1314 4122 Vie-

293 4317 327 4381 (1)
345 4317 397 4374 llic,
414 4317 459 4364 sub
472 4317 636 4364 Trasamundo
652 4315 813 4365 Vandalorum
835 4329 892 4380 rege
917 4315 1004 4366 iterum
1019 4315 1141 4370 exsulans.
1159 4313 1183 4362 in
1198 4312 1314 4376 Albigcn·

261 4393 325 4442 sium
340 4393 445 4451 civitate,
462 4392 532 4454 cujus
547 4391 592 4440 luit
608 4391 745 4454 episcopus,
761 4406 775 4442 e
789 4391 851 4442 vivis
866 4391 977 4445 excessit.
994 4391 1034 4455 (V.
1053 4391 1163 4443 Ruinart.
1180 4394 1312 4448 comment.

262 4467 338 4520 Patr.
357 4467 411 4529 lat,
428 4471 449 4516 t.
465 4467 543 4528 bVlll,
558 4467 607 4516 col.
623 4464 693 4530 ³99).
