3142 5084
693 401 874 461 ...150-

254 586 366 658 quam
387 567 507 635 caeteri
528 566 675 633 licentia
696 588 784 634 usus
800 573 853 635 est
868 567 930 658 (1).
952 569 994 636 ln
1015 571 1093 658 ejus
1107 570 1205 638 libro
1221 592 1315 639 con·

253 692 460 763 funduntur
478 712 643 780 praesens
662 696 809 780 tempus
830 697 864 759 et
883 695 1123 782 praeteritum,
1145 717 1316 785 praesens

255 825 289 888 et
303 819 480 904 futurum,
495 818 899 907 plusquamperfectum
912 825 946 887 et
961 821 1219 910 imperfectum
1235 825 1317 892 sive

255 950 456 1034 indicativi,
480 949 555 1017 sive
576 944 799 1037 subjunctivi
822 971 829 1035 3
848 972 932 1038 quae
953 951 1083 1019 ordine
1104 951 1238 1041 digessi
1260 979 1266 1024 :

299 1152 336 1242 a)
355 1152 522 1219 Praesens
542 1158 688 1240 tempus
708 1151 905 1220 adhibetur
918 1174 987 1241 pro
1006 1155 1193 1242 praeterito
1213 1133 1234 1222 :¹

349 1278 512 1361 Martyria
532 1298 638 1360 quam
661 1277 814 1360 plurima
831 1299 895 1342 esse
910 1279 1043 1358 (tuisse)
1058 1281 1256 1364 probantur
1275 1283 1316 1364 (Ι,

350 1464 392 1526 Et
416 1463 499 1545 quia
526 1467 573 1525 est
597 1468 695 1541 (erat)
721 1464 973 1547 scripturarum
999 1465 1143 1529 scientia
1167 1467 1316 1550 plena...

255 1558 344 1622 alios
373 1558 415 1620 ad
445 1558 651 1640 martyrium
677 1559 895 1622 confortabat
916 1560 986 1638 (ΙΙΙ,
1004 1563 1065 1638 22).
1153 1561 1317 1627 Hostiam

256 1672 355 1715 suam
371 1651 408 1714 in
424 1672 487 1714 sua
504 1653 609 1715 domo
626 1652 747 1714 maluit
761 1652 917 1736 sepelire,
935 1659 974 1715 ut
989 1654 1124 1736 quoties
1139 1675 1244 1739 super
1260 1678 1318 1721 se-

256 1747 419 1830 pulerum
435 1747 510 1828 ejus
527 1746 672 1807 trinitati
689 1766 807 1828 preces
823 1747 973 1828 effundit,
987 1748 1137 1812 alienam
1153 1769 1187 1812 se
1204 1770 1225 1813 a
1239 1751 1317 1816 filio

257 1859 439 1921 nunquam
459 1859 530 1901 esse
547 1838 699 1901 confidat
712 1840 781 1917 (ΙΙΙ,
799 1841 851 1916 24)
942 1840 974 1902 si
992 1840 1129 1903 homini
1150 1843 1257 1924 gratis
1272 1844 1316 1906 fi-

258 1934 381 1997 deliter
396 1933 549 1995 exhibuit
561 1933 678 2011 fidem,
698 1940 869 2014 quantum
886 1934 979 1996 debet
993 1933 1081 1998 illi...
1099 1936 1170 2015 (ΙΙΙ,
1187 1938 1252 2013 25).

302 2051 339 2141 b)
358 2052 525 2119 Praesens
544 2073 612 2140 pro
627 2053 751 2119 futuro
771 2075 776 2119 :

360 2178 476 2241 Suhdc
501 2177 590 2240 mihi
618 2178 737 2240 orbem
762 2182 971 2242 terrarum...
996 2184 1027 2240 et
1050 2179 1138 2261 facio
1159 2179 1318 2258 (faciam)

259 2271 354 2353 quod
370 2271 457 2334 dicis
472 2272 526 2351 (ΙΙ,
543 2273 606 2348 43).
673 2271 807 2334 Scribat
824 2272 948 2335 amicis
962 2272 1071 2336 sais..
1087 2279 1120 2336 et
1134 2291 1196 2355 ego
1211 2275 1320 2336 scribo

258 2363 437 2442 (scribam)
453 2364 666 2447 coepiscopis
683 2365 770 2427 meis
786 2366 842 2446 (ΙΙ,
856 2366 919 2443 44).
991 2366 1065 2429 Nisi
1085 2367 1317 2449 credideritis,

259 2478 330 2522 non
347 2457 531 2541 inlellipitis
546 2459 600 2536 (ΙΙ,
617 2460 680 2535 76).

304 2578 336 2668 c)
355 2579 562 2646 Perfectum
577 2599 645 2666 pro
663 2578 835 2666 praesenti
855 2602 861 2646 :

353 2703 538 2766 Adhaesisse
549 2702 674 2784 jurasti
693 2703 731 2780 (Ι,
750 2703 811 2781 19).
885 2703 978 2766 Uxor
993 2684 1148 2766 indutias
1169 2705 1245 2768 visa
1268 2710 1320 2767 est

256 2797 373 2880 petisse
390 2798 428 2875 (Ι,
446 2799 535 2873 49)...
554 2796 692 2878 Reperti
707 2802 788 2858 sunt
803 2796 928 2858 missas
944 2797 1045 2880 episse
1056 2797 1111 2877 (ΙΙ,
1124 2798 1187 2875 39).
1204 2797 1321 2860 Fuisse

259 2911 322 2974 pro
341 2911 405 2952 esse
422 2890 460 2969 (Ι,
478 2893 528 2970 30,
546 2896 579 2953 et
594 2890 754 2972 passim).

305 3009 343 3098 d)
369 3010 776 3098 plusquamperfectum
802 3031 869 3098 pro
894 3011 1109 3098 imperfecto
1139 3010 1318 3099 subjunc-

260 3113 323 3178 tivi
348 3135 354 3178 :

361 3239 537 3317 Quicum
567 3239 748 3321 ipnorasset
771 3238 964 3301 Geisericus
992 3238 1183 3301 Sebastiani
1205 3237 1318 3301 victo-

260 3332 361 3409 riam,
379 3332 459 3395 ilico
481 3332 586 3413 jussit
603 3331 730 3393 adferri
746 3332 784 3409 (Ι,
801 3333 863 3408 20).
936 3331 980 3393 Ut
995 3331 1108 3412 primo
1124 3329 1233 3393 armis
1248 3351 1318 3393 nu-

260 3426 366 3504 daret,
385 3431 417 3487 et
441 3425 488 3487 ita
511 3422 649 3488 facilius
672 3424 822 3486 inermes
837 3424 1078 3506 captivassetd,
1095 3426 1158 3501 39).
1233 3425 1317 3487 Ut...

262 3519 373 3599 magis
396 3538 475 3580 eum
498 3518 679 3596 occideret,
698 3537 740 3578 ne
766 3522 954 3600 martyrem
978 3517 1170 3598 gloriosum
1191 3517 1322 3599 fecisset

261 3613 299 3691 (Ι,
318 3615 381 3688 47).
451 3611 551 3689 Quod
569 3611 627 3672 ille
652 3611 778 3693 plenus
793 3612 864 3673 Deo
880 3611 991 3692 magis
1007 3617 1046 3672 ut
1060 3611 1225 3674 velociter
1237 3631 1318 3694 pro-

262 3705 407 3780 uenisset,
425 3704 553 3786 impios
569 3705 781 3787 provocabat
794 3706 832 3784 (Ι,
849 3706 911 3781 49).
979 3704 1081 3767 Dedit
1096 3703 1316 3768 licentiam...

261 3803 299 3859 ut
321 3797 608 3878 carthaginiensis
623 3796 776 3860 Ecclesia
792 3797 860 3859 sihi
875 3817 979 3878 quem
994 3795 1097 3859 vellet
1112 3795 1318 3878 episcopum

262 3892 445 3954 ordinasset
464 3891 518 3969 (ΙΙ,
543 3895 589 3967 2).
676 3893 725 3953 Ne
750 3891 915 3952 maritum
940 3889 1096 3954 consiliis
1120 3889 1319 3952 acrioribus

261 3984 427 4048 adversus
454 3990 643 4066 tyrannum
668 3988 836 4063 armasset,
858 4005 934 4046 eam
960 3982 1122 4066 intercipi
1142 3982 1243 4064 jubet
1260 3982 1316 4062 (ΙΙ,

260 4079 549 4156 ¹12).Statuere
578 4078 753 4140 festinavit
778 4083 816 4140 ut
845 4084 1042 4140 nostrorum
1069 4076 1317 4158 episcoporum

295 4320 325 4383 (1)
343 4320 373 4372 V.
392 4321 504 4384 exempla
518 4321 581 4384 apud
597 4321 627 4369 ΙΙ.
647 4320 725 4379 siat,
740 4335 767 4385 p.
786 4317 843 4369 133.
