<?xml version="1.0" encoding="UTF-8"?>
<!DOCTYPE html PUBLIC "-//W3C//DTD XHTML 1.0 Transitional//EN"
    "http://www.w3.org/TR/xhtml1/DTD/xhtml1-transitional.dtd">
<html xmlns="http://www.w3.org/1999/xhtml" xml:lang="en" lang="en">
 <head>
  <title>
</title>
<meta http-equiv="Content-Type" content="text/html;charset=utf-8" />
  <meta name='ocr-system' content='tesseract 3.04.00' />
  <meta name='ocr-capabilities' content='ocr_page ocr_carea ocr_par ocr_line ocrx_word'/>
</head>
<body>
  <div class='ocr_page' id='page_1' title='image "./devictorisviten00ferrgoog_0102.png"; bbox 0 0 3142 5084; ppageno 0'>
   <div class='ocr_carea' id='block_1_1' title="bbox 704 421 864 484">
    <p class='ocr_par' dir='ltr' id='par_1_1' title="bbox 704 421 864 484">
     <span class='ocr_line' id='line_1_1' title="bbox 704 421 864 484; baseline -0.013 -16"><span class='ocrx_word' id='word_1_1' title='bbox 704 421 864 484; x_wconf 63' lang='lat'>..93-</span> 
     </span>
    </p>
   </div>
   <div class='ocr_carea' id='block_1_2' title="bbox 188 558 1313 1563">
    <p class='ocr_par' dir='ltr' id='par_1_2' title="bbox 188 558 1313 1563">
     <span class='ocr_line' id='line_1_2' title="bbox 188 558 1308 675; baseline 0.001 -23"><span class='ocrx_word' id='word_1_2' title='bbox 188 558 196 564; x_wconf 38' lang='grc'><strong>”</strong></span> <span class='ocrx_word' id='word_1_3' title='bbox 256 606 406 653; x_wconf 89' lang='lat' dir='ltr'>sensum</span> <span class='ocrx_word' id='word_1_4' title='bbox 431 585 629 674; x_wconf 92' lang='lat' dir='ltr'>pristinum</span> <span class='ocrx_word' id='word_1_5' title='bbox 649 585 876 674; x_wconf 88' lang='lat' dir='ltr'>jampridem</span> <span class='ocrx_word' id='word_1_6' title='bbox 905 585 1124 652; x_wconf 84' lang='lat' dir='ltr'>amiserant!</span> <span class='ocrx_word' id='word_1_7' title='bbox 1152 584 1206 652; x_wconf 83' lang='lat' dir='ltr'>Ex</span> <span class='ocrx_word' id='word_1_8' title='bbox 1235 606 1308 675; x_wconf 93' lang='lat' dir='ltr'>quo</span> 
     </span>
     <span class='ocr_line' id='line_1_3' title="bbox 257 713 1309 802; baseline 0 -22"><span class='ocrx_word' id='word_1_9' title='bbox 257 713 356 780; x_wconf 92' lang='lat' dir='ltr'>enim</span> <span class='ocrx_word' id='word_1_10' title='bbox 377 713 631 781; x_wconf 88' lang='lat' dir='ltr'>Romanorum</span> <span class='ocrx_word' id='word_1_11' title='bbox 650 714 774 802; x_wconf 83' lang='lat' dir='ltr'>lingua</span> <span class='ocrx_word' id='word_1_12' title='bbox 790 713 942 782; x_wconf 87' lang='lat' dir='ltr'>devictis</span> <span class='ocrx_word' id='word_1_13' title='bbox 961 713 1109 802; x_wconf 90' lang='lat' dir='ltr'>populis</span> <span class='ocrx_word' id='word_1_14' title='bbox 1137 713 1309 802; x_wconf 92' lang='lat' dir='ltr'>imposita</span> 
     </span>
     <span class='ocr_line' id='line_1_4' title="bbox 256 839 1309 929; baseline 0.003 -24"><span class='ocrx_word' id='word_1_15' title='bbox 256 840 335 925; x_wconf 87' lang='lat' dir='ltr'>fuit,</span> <span class='ocrx_word' id='word_1_16' title='bbox 359 861 444 908; x_wconf 88' lang='lat' dir='ltr'>cum</span> <span class='ocrx_word' id='word_1_17' title='bbox 464 862 547 908; x_wconf 90' lang='lat' dir='ltr'>eam</span> <span class='ocrx_word' id='word_1_18' title='bbox 572 842 711 929; x_wconf 88' lang='lat' dir='ltr'>ubique</span> <span class='ocrx_word' id='word_1_19' title='bbox 731 840 829 908; x_wconf 91' lang='lat' dir='ltr'>docti</span> <span class='ocrx_word' id='word_1_20' title='bbox 856 839 1082 929; x_wconf 80' lang='lat' dir='ltr'>indoctique,</span> <span class='ocrx_word' id='word_1_21' title='bbox 1110 840 1309 908; x_wconf 87' lang='lat' dir='ltr'>commixto</span> 
     </span>
     <span class='ocr_line' id='line_1_5' title="bbox 257 965 1308 1056; baseline 0.001 -24"><span class='ocrx_word' id='word_1_22' title='bbox 257 966 382 1033; x_wconf 85' lang='lat' dir='ltr'>nativo</span> <span class='ocrx_word' id='word_1_23' title='bbox 398 988 581 1050; x_wconf 86' lang='lat' dir='ltr'>sermone,</span> <span class='ocrx_word' id='word_1_24' title='bbox 594 966 846 1055; x_wconf 83' lang='lat' dir='ltr'>loquerentur,</span> <span class='ocrx_word' id='word_1_25' title='bbox 857 967 897 1033; x_wconf 92' lang='lat' dir='ltr'>in</span> <span class='ocrx_word' id='word_1_26' title='bbox 911 965 1071 1035; x_wconf 91' lang='lat' dir='ltr'>deterius</span> <span class='ocrx_word' id='word_1_27' title='bbox 1086 966 1160 1034; x_wconf 91' lang='lat' dir='ltr'>labi</span> <span class='ocrx_word' id='word_1_28' title='bbox 1176 967 1287 1056; x_wconf 92' lang='lat' dir='ltr'>coepit</span> <span class='ocrx_word' id='word_1_29' title='bbox 1301 988 1308 1052; x_wconf 81' lang='lat'>3</span> 
     </span>
     <span class='ocr_line' id='line_1_6' title="bbox 258 1092 1312 1183; baseline 0.002 -25"><span class='ocrx_word' id='word_1_30' title='bbox 258 1113 358 1178; x_wconf 88' lang='lat' dir='ltr'>narn,</span> <span class='ocrx_word' id='word_1_31' title='bbox 370 1094 527 1183; x_wconf 84' lang='lat' dir='ltr'>exempli</span> <span class='ocrx_word' id='word_1_32' title='bbox 538 1094 664 1183; x_wconf 83' lang='lat' dir='ltr'>gratia,</span> <span class='ocrx_word' id='word_1_33' title='bbox 676 1115 752 1161; x_wconf 93' lang='lat' dir='ltr'>non</span> <span class='ocrx_word' id='word_1_34' title='bbox 764 1099 817 1161; x_wconf 90' lang='lat' dir='ltr'>est</span> <span class='ocrx_word' id='word_1_35' title='bbox 829 1092 1076 1163; x_wconf 92' lang='lat' dir='ltr'>dubitandum</span> <span class='ocrx_word' id='word_1_36' title='bbox 1091 1096 1193 1183; x_wconf 93' lang='lat' dir='ltr'>quin,</span> <span class='ocrx_word' id='word_1_37' title='bbox 1212 1093 1312 1182; x_wconf 88' lang='lat' dir='ltr'>apud</span> 
     </span>
     <span class='ocr_line' id='line_1_7' title="bbox 256 1216 1309 1308; baseline 0.003 -24"><span class='ocrx_word' id='word_1_38' title='bbox 256 1216 374 1303; x_wconf 78' lang='lat' dir='ltr'>AfroS,</span> <span class='ocrx_word' id='word_1_39' title='bbox 396 1219 533 1308; x_wconf 90' lang='lat' dir='ltr'>punico</span> <span class='ocrx_word' id='word_1_40' title='bbox 554 1220 716 1288; x_wconf 89' lang='lat' dir='ltr'>sermoni</span> <span class='ocrx_word' id='word_1_41' title='bbox 732 1240 844 1308; x_wconf 91' lang='lat' dir='ltr'>quem</span> <span class='ocrx_word' id='word_1_42' title='bbox 858 1218 993 1303; x_wconf 86' lang='lat' dir='ltr'>adhuc,</span> <span class='ocrx_word' id='word_1_43' title='bbox 1015 1220 1145 1307; x_wconf 90' lang='lat' dir='ltr'>quinto</span> <span class='ocrx_word' id='word_1_44' title='bbox 1161 1220 1309 1304; x_wconf 89' lang='lat' dir='ltr'>saeculo,</span> 
     </span>
     <span class='ocr_line' id='line_1_8' title="bbox 257 1345 1312 1431; baseline 0 -18"><span class='ocrx_word' id='word_1_45' title='bbox 257 1345 438 1430; x_wconf 78' lang='lat' dir='ltr'>colebant,</span> <span class='ocrx_word' id='word_1_46' title='bbox 460 1346 596 1414; x_wconf 92' lang='lat' dir='ltr'>latinus</span> <span class='ocrx_word' id='word_1_47' title='bbox 613 1367 734 1414; x_wconf 89' lang='lat' dir='ltr'>sermo</span> <span class='ocrx_word' id='word_1_48' title='bbox 752 1347 1037 1415; x_wconf 78' lang='lat' dir='ltr'>consociaretur.</span> <span class='ocrx_word' id='word_1_49' title='bbox 1055 1347 1187 1431; x_wconf 91' lang='lat' dir='ltr'>Immo,</span> <span class='ocrx_word' id='word_1_50' title='bbox 1205 1349 1244 1414; x_wconf 95' lang='lat' dir='ltr'>in</span> <span class='ocrx_word' id='word_1_51' title='bbox 1260 1346 1312 1414; x_wconf 94' lang='lat' dir='ltr'>di-</span> 
     </span>
     <span class='ocr_line' id='line_1_9' title="bbox 256 1471 1313 1563; baseline 0.003 -25"><span class='ocrx_word' id='word_1_52' title='bbox 256 1492 379 1540; x_wconf 91' lang='lat' dir='ltr'>versas</span> <span class='ocrx_word' id='word_1_53' title='bbox 398 1473 545 1562; x_wconf 90' lang='lat' dir='ltr'>imperii</span> <span class='ocrx_word' id='word_1_54' title='bbox 564 1473 775 1562; x_wconf 89' lang='lat' dir='ltr'>provincias</span> <span class='ocrx_word' id='word_1_55' title='bbox 795 1471 1114 1563; x_wconf 86' lang='lat' dir='ltr'>divulgabantura</span> <span class='ocrx_word' id='word_1_56' title='bbox 1135 1474 1313 1541; x_wconf 90' lang='lat' dir='ltr'>militibus</span> 
     </span>
    </p>
   </div>
   <div class='ocr_carea' id='block_1_3' title="bbox 257 1600 1314 1814">
    <p class='ocr_par' dir='ltr' id='par_1_3' title="bbox 257 1600 1314 1814">
     <span class='ocr_line' id='line_1_10' title="bbox 257 1600 1313 1690; baseline 0.001 -23"><span class='ocrx_word' id='word_1_57' title='bbox 257 1620 343 1667; x_wconf 92' lang='lat' dir='ltr'>cum</span> <span class='ocrx_word' id='word_1_58' title='bbox 362 1600 508 1690; x_wconf 89' lang='lat' dir='ltr'>plebeio</span> <span class='ocrx_word' id='word_1_59' title='bbox 529 1601 784 1669; x_wconf 88' lang='lat' dir='ltr'>Romanorum</span> <span class='ocrx_word' id='word_1_60' title='bbox 810 1600 959 1690; x_wconf 91' lang='lat' dir='ltr'>eloquio</span> <span class='ocrx_word' id='word_1_61' title='bbox 978 1601 1186 1669; x_wconf 86' lang='lat' dir='ltr'>vernaculae</span> <span class='ocrx_word' id='word_1_62' title='bbox 1207 1601 1313 1668; x_wconf 91' lang='lat' dir='ltr'>Italo-</span> 
     </span>
     <span class='ocr_line' id='line_1_11' title="bbox 258 1721 1314 1814; baseline 0 -24"><span class='ocrx_word' id='word_1_63' title='bbox 258 1744 342 1806; x_wconf 86' lang='lat' dir='ltr'>rum</span> <span class='ocrx_word' id='word_1_64' title='bbox 359 1723 507 1813; x_wconf 86' lang='lat' dir='ltr'>linguae,</span> <span class='ocrx_word' id='word_1_65' title='bbox 525 1745 617 1814; x_wconf 94' lang='lat' dir='ltr'>quas</span> <span class='ocrx_word' id='word_1_66' title='bbox 633 1724 850 1813; x_wconf 90' lang='lat' dir='ltr'>recipientes</span> <span class='ocrx_word' id='word_1_67' title='bbox 867 1722 971 1808; x_wconf 88' lang='lat' dir='ltr'>Galli,</span> <span class='ocrx_word' id='word_1_68' title='bbox 990 1729 1053 1791; x_wconf 91' lang='lat' dir='ltr'>aut</span> <span class='ocrx_word' id='word_1_69' title='bbox 1067 1721 1233 1813; x_wconf 82' lang='lat' dir='ltr'>Hispani,</span> <span class='ocrx_word' id='word_1_70' title='bbox 1251 1729 1314 1792; x_wconf 88' lang='lat' dir='ltr'>aut</span> 
     </span>
    </p>
   </div>
   <div class='ocr_carea' id='block_1_4' title="bbox 256 1849 1317 3344">
    <p class='ocr_par' dir='ltr' id='par_1_4' title="bbox 256 1849 1317 3344">
     <span class='ocr_line' id='line_1_12' title="bbox 257 1849 1314 1941; baseline 0.001 -23"><span class='ocrx_word' id='word_1_71' title='bbox 257 1849 333 1918; x_wconf 82' lang='lat' dir='ltr'>Afri</span> <span class='ocrx_word' id='word_1_72' title='bbox 353 1851 557 1936; x_wconf 84' lang='lat' dir='ltr'>mutabant,</span> <span class='ocrx_word' id='word_1_73' title='bbox 573 1857 613 1919; x_wconf 91' lang='lat' dir='ltr'>ut</span> <span class='ocrx_word' id='word_1_74' title='bbox 628 1852 698 1920; x_wconf 91' lang='lat' dir='ltr'>sibi</span> <span class='ocrx_word' id='word_1_75' title='bbox 714 1851 1040 1921; x_wconf 90' lang='lat' dir='ltr'>accommodarent</span> <span class='ocrx_word' id='word_1_76' title='bbox 1057 1873 1065 1937; x_wconf 78' lang='lat'>3</span> <span class='ocrx_word' id='word_1_77' title='bbox 1084 1853 1209 1940; x_wconf 93' lang='lat' dir='ltr'>sicque</span> <span class='ocrx_word' id='word_1_78' title='bbox 1224 1872 1314 1941; x_wconf 94' lang='lat' dir='ltr'>pau-</span> 
     </span>
     <span class='ocr_line' id='line_1_13' title="bbox 257 1979 1311 2070; baseline 0.001 -24"><span class='ocrx_word' id='word_1_79' title='bbox 257 1979 361 2047; x_wconf 89' lang='lat' dir='ltr'>latim</span> <span class='ocrx_word' id='word_1_80' title='bbox 385 1980 487 2048; x_wconf 91' lang='lat' dir='ltr'>nulla</span> <span class='ocrx_word' id='word_1_81' title='bbox 517 1980 696 2070; x_wconf 89' lang='lat' dir='ltr'>loquendi</span> <span class='ocrx_word' id='word_1_82' title='bbox 721 1980 791 2065; x_wconf 85' lang='lat' dir='ltr'>lex,</span> <span class='ocrx_word' id='word_1_83' title='bbox 820 1980 913 2049; x_wconf 91' lang='lat' dir='ltr'>nihil</span> <span class='ocrx_word' id='word_1_84' title='bbox 939 1981 1052 2066; x_wconf 90' lang='lat' dir='ltr'>aliud,</span> <span class='ocrx_word' id='word_1_85' title='bbox 1087 1982 1158 2049; x_wconf 91' lang='lat' dir='ltr'>nisi</span> <span class='ocrx_word' id='word_1_86' title='bbox 1182 1981 1311 2066; x_wconf 88' lang='lat' dir='ltr'>libido,</span> 
     </span>
     <span class='ocr_line' id='line_1_14' title="bbox 257 2106 1315 2197; baseline 0 -23"><span class='ocrx_word' id='word_1_87' title='bbox 257 2107 381 2196; x_wconf 86' lang='lat' dir='ltr'>viguit.</span> <span class='ocrx_word' id='word_1_88' title='bbox 406 2106 505 2190; x_wconf 84' lang='lat' dir='ltr'>Quid</span> <span class='ocrx_word' id='word_1_89' title='bbox 524 2112 648 2177; x_wconf 89' lang='lat' dir='ltr'>autem</span> <span class='ocrx_word' id='word_1_90' title='bbox 663 2109 702 2175; x_wconf 92' lang='lat' dir='ltr'>in</span> <span class='ocrx_word' id='word_1_91' title='bbox 718 2108 892 2176; x_wconf 92' lang='lat' dir='ltr'>omnibus</span> <span class='ocrx_word' id='word_1_92' title='bbox 911 2108 1021 2176; x_wconf 89' lang='lat' dir='ltr'>rebus</span> <span class='ocrx_word' id='word_1_93' title='bbox 1037 2109 1152 2197; x_wconf 90' lang='lat' dir='ltr'>possit</span> <span class='ocrx_word' id='word_1_94' title='bbox 1167 2108 1315 2197; x_wconf 90' lang='lat' dir='ltr'>imperi-</span> 
     </span>
     <span class='ocr_line' id='line_1_15' title="bbox 257 2232 1315 2323; baseline 0.002 -24"><span class='ocrx_word' id='word_1_95' title='bbox 257 2236 381 2301; x_wconf 91' lang='lat' dir='ltr'>torum</span> <span class='ocrx_word' id='word_1_96' title='bbox 400 2233 528 2318; x_wconf 89' lang='lat' dir='ltr'>libido,</span> <span class='ocrx_word' id='word_1_97' title='bbox 547 2235 629 2323; x_wconf 93' lang='lat' dir='ltr'>quis</span> <span class='ocrx_word' id='word_1_98' title='bbox 645 2235 761 2302; x_wconf 87' lang='lat' dir='ltr'>nescit</span> <span class='ocrx_word' id='word_1_99' title='bbox 774 2235 792 2302; x_wconf 79' lang='lat' dir='ltr'>‘l</span> <span class='ocrx_word' id='word_1_100' title='bbox 807 2233 940 2302; x_wconf 92' lang='lat' dir='ltr'>Nonne</span> <span class='ocrx_word' id='word_1_101' title='bbox 955 2232 1089 2302; x_wconf 91' lang='lat' dir='ltr'>iisdem</span> <span class='ocrx_word' id='word_1_102' title='bbox 1104 2234 1224 2302; x_wconf 86' lang='lat' dir='ltr'>causis</span> <span class='ocrx_word' id='word_1_103' title='bbox 1243 2234 1315 2301; x_wconf 87' lang='lat' dir='ltr'>fac·</span> 
     </span>
     <span class='ocr_line' id='line_1_16' title="bbox 257 2347 1315 2451; baseline 0.001 -23"><span class='ocrx_word' id='word_1_104' title='bbox 257 2367 337 2428; x_wconf 92' lang='lat' dir='ltr'>tum</span> <span class='ocrx_word' id='word_1_105' title='bbox 349 2367 403 2428; x_wconf 89' lang='lat' dir='ltr'>est</span> <span class='ocrx_word' id='word_1_106' title='bbox 416 2368 456 2429; x_wconf 91' lang='lat' dir='ltr'>ut</span> <span class='ocrx_word' id='word_1_107' title='bbox 467 2362 640 2451; x_wconf 89' lang='lat' dir='ltr'>quaedam</span> <span class='ocrx_word' id='word_1_108' title='bbox 658 2361 930 2431; x_wconf 87' lang='lat' dir='ltr'>Germanorum</span> <span class='ocrx_word' id='word_1_109' title='bbox 939 2363 1120 2431; x_wconf 87' lang='lat' dir='ltr'>vocabula</span> <span class='ocrx_word' id='word_1_110' title='bbox 1133 2347 1153 2430; x_wconf 84' lang='lat' dir='ltr'>a</span> <span class='ocrx_word' id='word_1_111' title='bbox 1165 2363 1315 2430; x_wconf 91' lang='lat' dir='ltr'>Francis</span> 
     </span>
     <span class='ocr_line' id='line_1_17' title="bbox 256 2486 1315 2578; baseline 0.003 -24"><span class='ocrx_word' id='word_1_112' title='bbox 256 2488 296 2554; x_wconf 90' lang='lat' dir='ltr'>in</span> <span class='ocrx_word' id='word_1_113' title='bbox 324 2486 459 2556; x_wconf 88' lang='lat' dir='ltr'>Gallias</span> <span class='ocrx_word' id='word_1_114' title='bbox 482 2489 692 2578; x_wconf 89' lang='lat' dir='ltr'>importata,</span> <span class='ocrx_word' id='word_1_115' title='bbox 719 2512 806 2558; x_wconf 91' lang='lat' dir='ltr'>vcro</span> <span class='ocrx_word' id='word_1_116' title='bbox 836 2511 945 2558; x_wconf 92' lang='lat' dir='ltr'>sensu</span> <span class='ocrx_word' id='word_1_117' title='bbox 970 2490 1117 2574; x_wconf 88' lang='lat' dir='ltr'>amiss0,</span> <span class='ocrx_word' id='word_1_118' title='bbox 1149 2490 1315 2578; x_wconf 89' lang='lat' dir='ltr'>pejorem</span> 
     </span>
     <span class='ocr_line' id='line_1_18' title="bbox 258 2612 1316 2706; baseline 0.002 -26"><span class='ocrx_word' id='word_1_119' title='bbox 258 2612 491 2702; x_wconf 76' lang='lat' dir='ltr'>acciperent‘l</span> <span class='ocrx_word' id='word_1_120' title='bbox 500 2614 553 2682; x_wconf 90' lang='lat' dir='ltr'>Ita</span> <span class='ocrx_word' id='word_1_121' title='bbox 566 2636 610 2683; x_wconf 85' lang='lat' dir='ltr'>ex</span> <span class='ocrx_word' id='word_1_122' title='bbox 618 2616 800 2684; x_wconf 91' lang='lat' dir='ltr'>vocabulo</span> <span class='ocrx_word' id='word_1_123' title='bbox 813 2615 915 2684; x_wconf 84' lang='lat' dir='ltr'>Buclr</span> <span class='ocrx_word' id='word_1_124' title='bbox 924 2615 1047 2706; x_wconf 89' lang='lat' dir='ltr'>(liber)</span> <span class='ocrx_word' id='word_1_125' title='bbox 1059 2615 1218 2704; x_wconf 88' lang='lat' dir='ltr'>bouquin</span> <span class='ocrx_word' id='word_1_126' title='bbox 1232 2636 1316 2682; x_wconf 90' lang='lat' dir='ltr'>eve-</span> 
     </span>
     <span class='ocr_line' id='line_1_19' title="bbox 257 2737 1316 2832; baseline -0.003 -21"><span class='ocrx_word' id='word_1_127' title='bbox 257 2738 312 2811; x_wconf 87' lang='lat' dir='ltr'>nit</span> <span class='ocrx_word' id='word_1_128' title='bbox 334 2737 453 2829; x_wconf 89' lang='lat' dir='ltr'>(vetus</span> <span class='ocrx_word' id='word_1_129' title='bbox 478 2745 541 2808; x_wconf 89' lang='lat' dir='ltr'>aut</span> <span class='ocrx_word' id='word_1_130' title='bbox 564 2740 702 2809; x_wconf 93' lang='lat' dir='ltr'>nullius</span> <span class='ocrx_word' id='word_1_131' title='bbox 721 2742 829 2830; x_wconf 89' lang='lat' dir='ltr'>pretii</span> <span class='ocrx_word' id='word_1_132' title='bbox 853 2739 988 2831; x_wconf 77' lang='lat' dir='ltr'>liber),</span> <span class='ocrx_word' id='word_1_133' title='bbox 1017 2763 1061 2808; x_wconf 88' lang='lat' dir='ltr'>cx</span> <span class='ocrx_word' id='word_1_134' title='bbox 1080 2741 1168 2809; x_wconf 87' lang='lat' dir='ltr'>lond</span> <span class='ocrx_word' id='word_1_135' title='bbox 1185 2739 1316 2832; x_wconf 84' lang='lat' dir='ltr'>(regio)</span> 
     </span>
     <span class='ocr_line' id='line_1_20' title="bbox 258 2867 1315 2961; baseline 0.002 -27"><span class='ocrx_word' id='word_1_136' title='bbox 258 2867 364 2935; x_wconf 86' lang='lat' dir='ltr'>lande</span> <span class='ocrx_word' id='word_1_137' title='bbox 383 2867 494 2958; x_wconf 89' lang='lat' dir='ltr'>(terra</span> <span class='ocrx_word' id='word_1_138' title='bbox 507 2869 710 2960; x_wconf 86' lang='lat' dir='ltr'>infertilis);</span> <span class='ocrx_word' id='word_1_139' title='bbox 733 2891 777 2938; x_wconf 85' lang='lat' dir='ltr'>ex</span> <span class='ocrx_word' id='word_1_140' title='bbox 792 2891 868 2938; x_wconf 83' lang='lat' dir='ltr'>ross</span> <span class='ocrx_word' id='word_1_141' title='bbox 886 2869 1038 2961; x_wconf 87' lang='lat' dir='ltr'>(ardens</span> <span class='ocrx_word' id='word_1_142' title='bbox 1054 2867 1186 2960; x_wconf 90' lang='lat' dir='ltr'>equus)</span> <span class='ocrx_word' id='word_1_143' title='bbox 1199 2890 1315 2955; x_wconf 81' lang='lat' dir='ltr'>rosse;</span> 
     </span>
     <span class='ocr_line' id='line_1_21' title="bbox 258 2992 1313 3085; baseline 0.001 -26"><span class='ocrx_word' id='word_1_144' title='bbox 258 3012 302 3059; x_wconf 83' lang='lat' dir='ltr'>ex</span> <span class='ocrx_word' id='word_1_145' title='bbox 319 2992 405 3062; x_wconf 81' lang='lat' dir='ltr'>lterr</span> <span class='ocrx_word' id='word_1_146' title='bbox 427 2992 630 3084; x_wconf 88' lang='lat' dir='ltr'>(dominus,</span> <span class='ocrx_word' id='word_1_147' title='bbox 652 2995 778 3085; x_wconf 88' lang='lat' dir='ltr'>herus)</span> <span class='ocrx_word' id='word_1_148' title='bbox 797 2994 881 3063; x_wconf 85' lang='lat' dir='ltr'>lre&#39;re</span> <span class='ocrx_word' id='word_1_149' title='bbox 900 2994 1037 3085; x_wconf 82' lang='lat' dir='ltr'>(egem,</span> <span class='ocrx_word' id='word_1_150' title='bbox 1063 2992 1313 3084; x_wconf 87' lang='lat' dir='ltr'>mendicus)...</span> 
     </span>
     <span class='ocr_line' id='line_1_22' title="bbox 259 3117 1317 3212; baseline -0.002 -24"><span class='ocrx_word' id='word_1_151' title='bbox 259 3117 358 3202; x_wconf 88' lang='lat' dir='ltr'>Quid</span> <span class='ocrx_word' id='word_1_152' title='bbox 372 3120 507 3210; x_wconf 78' lang='lat' dir='ltr'>plural</span> <span class='ocrx_word' id='word_1_153' title='bbox 523 3122 617 3189; x_wconf 92' lang='lat' dir='ltr'>Cum</span> <span class='ocrx_word' id='word_1_154' title='bbox 633 3122 762 3212; x_wconf 92' lang='lat' dir='ltr'>populi</span> <span class='ocrx_word' id='word_1_155' title='bbox 773 3122 898 3212; x_wconf 82' lang='lat' dir='ltr'>lingua</span> <span class='ocrx_word' id='word_1_156' title='bbox 909 3123 988 3210; x_wconf 90' lang='lat' dir='ltr'>ejus</span> <span class='ocrx_word' id='word_1_157' title='bbox 1001 3122 1046 3190; x_wconf 91' lang='lat' dir='ltr'>sit</span> <span class='ocrx_word' id='word_1_158' title='bbox 1057 3122 1190 3211; x_wconf 82' lang='lat' dir='ltr'>imago,</span> <span class='ocrx_word' id='word_1_159' title='bbox 1203 3120 1317 3188; x_wconf 89' lang='lat' dir='ltr'>latina</span> 
     </span>
     <span class='ocr_line' id='line_1_23' title="bbox 259 3246 1317 3344; baseline 0.001 -31"><span class='ocrx_word' id='word_1_160' title='bbox 259 3246 383 3344; x_wconf 85' lang='lat' dir='ltr'>lingua</span> <span class='ocrx_word' id='word_1_161' title='bbox 403 3250 543 3318; x_wconf 89' lang='lat' dir='ltr'>ruentis</span> <span class='ocrx_word' id='word_1_162' title='bbox 559 3250 706 3338; x_wconf 91' lang='lat' dir='ltr'>imperii</span> <span class='ocrx_word' id='word_1_163' title='bbox 726 3250 872 3318; x_wconf 91' lang='lat' dir='ltr'>romani</span> <span class='ocrx_word' id='word_1_164' title='bbox 887 3250 985 3318; x_wconf 89' lang='lat' dir='ltr'>vices</span> <span class='ocrx_word' id='word_1_165' title='bbox 1001 3255 1136 3334; x_wconf 88' lang='lat' dir='ltr'>secuta,</span> <span class='ocrx_word' id='word_1_166' title='bbox 1159 3254 1317 3316; x_wconf 92' lang='lat' dir='ltr'>tantum·</span> 
     </span>
    </p>
   </div>
   <div class='ocr_carea' id='block_1_5' title="bbox 259 3373 1317 3590">
    <p class='ocr_par' dir='ltr' id='par_1_5' title="bbox 259 3373 1317 3590">
     <span class='ocr_line' id='line_1_24' title="bbox 260 3373 1317 3467; baseline 0 -27"><span class='ocrx_word' id='word_1_167' title='bbox 260 3373 374 3443; x_wconf 92' lang='lat' dir='ltr'>modo</span> <span class='ocrx_word' id='word_1_168' title='bbox 387 3397 473 3446; x_wconf 90' lang='lat' dir='ltr'>cum</span> <span class='ocrx_word' id='word_1_169' title='bbox 489 3398 587 3445; x_wconf 91' lang='lat' dir='ltr'>novo</span> <span class='ocrx_word' id='word_1_170' title='bbox 603 3398 727 3445; x_wconf 91' lang='lat' dir='ltr'>rerum</span> <span class='ocrx_word' id='word_1_171' title='bbox 743 3377 920 3467; x_wconf 85' lang='lat' dir='ltr'>regimine</span> <span class='ocrx_word' id='word_1_172' title='bbox 930 3377 1100 3445; x_wconf 85' lang='lat' dir='ltr'>renovari</span> <span class='ocrx_word' id='word_1_173' title='bbox 1112 3381 1147 3444; x_wconf 89' lang='lat' dir='ltr'>et</span> <span class='ocrx_word' id='word_1_174' title='bbox 1161 3375 1317 3443; x_wconf 89' lang='lat' dir='ltr'>recreari</span> 
     </span>
     <span class='ocr_line' id='line_1_25' title="bbox 259 3505 415 3590; baseline 0.013 -23"><span class='ocrx_word' id='word_1_175' title='bbox 259 3505 415 3590; x_wconf 85' lang='lat' dir='ltr'>poterat.</span> 
     </span>
    </p>
   </div>
   <div class='ocr_carea' id='block_1_6' title="bbox 230 3642 1319 4370">
    <p class='ocr_par' dir='ltr' id='par_1_6' title="bbox 230 3642 1319 4370">
     <span class='ocr_line' id='line_1_26' title="bbox 230 3642 1318 3735; baseline -0.007 -17"><span class='ocrx_word' id='word_1_176' title='bbox 230 3714 233 3718; x_wconf 82' lang='lat'>.</span> <span class='ocrx_word' id='word_1_177' title='bbox 305 3643 469 3735; x_wconf 89' lang='lat' dir='ltr'>Scriptor</span> <span class='ocrx_word' id='word_1_178' title='bbox 487 3645 640 3714; x_wconf 89' lang='lat' dir='ltr'>fortasse</span> <span class='ocrx_word' id='word_1_179' title='bbox 662 3644 797 3729; x_wconf 85' lang='lat' dir='ltr'>nullus,</span> <span class='ocrx_word' id='word_1_180' title='bbox 819 3644 915 3713; x_wconf 89' lang='lat' dir='ltr'>inter</span> <span class='ocrx_word' id='word_1_181' title='bbox 929 3642 1075 3728; x_wconf 90' lang='lat' dir='ltr'>latinos,</span> <span class='ocrx_word' id='word_1_182' title='bbox 1094 3643 1226 3733; x_wconf 90' lang='lat' dir='ltr'>estqui</span> <span class='ocrx_word' id='word_1_183' title='bbox 1242 3663 1318 3710; x_wconf 92' lang='lat' dir='ltr'>ma-</span> 
     </span>
     <span class='ocr_line' id='line_1_27' title="bbox 260 3769 1319 3860; baseline -0.001 -23"><span class='ocrx_word' id='word_1_184' title='bbox 260 3769 313 3858; x_wconf 85' lang='lat' dir='ltr'>gis</span> <span class='ocrx_word' id='word_1_185' title='bbox 329 3791 443 3859; x_wconf 88' lang='lat' dir='ltr'>quam</span> <span class='ocrx_word' id='word_1_186' title='bbox 457 3770 583 3840; x_wconf 89' lang='lat' dir='ltr'>Victor</span> <span class='ocrx_word' id='word_1_187' title='bbox 597 3770 767 3840; x_wconf 91' lang='lat' dir='ltr'>ostendat</span> <span class='ocrx_word' id='word_1_188' title='bbox 783 3770 901 3860; x_wconf 91' lang='lat' dir='ltr'>qualis</span> <span class='ocrx_word' id='word_1_189' title='bbox 917 3770 1037 3855; x_wconf 90' lang='lat' dir='ltr'>fuerit,</span> <span class='ocrx_word' id='word_1_190' title='bbox 1056 3770 1186 3858; x_wconf 88' lang='lat' dir='ltr'>quinto</span> <span class='ocrx_word' id='word_1_191' title='bbox 1202 3790 1319 3837; x_wconf 87' lang='lat' dir='ltr'>saecu-</span> 
     </span>
     <span class='ocr_line' id='line_1_28' title="bbox 260 3895 1318 3988; baseline 0.002 -26"><span class='ocrx_word' id='word_1_192' title='bbox 260 3895 310 3982; x_wconf 91' lang='lat' dir='ltr'>lo,</span> <span class='ocrx_word' id='word_1_193' title='bbox 332 3896 457 3966; x_wconf 91' lang='lat' dir='ltr'>latinae</span> <span class='ocrx_word' id='word_1_194' title='bbox 477 3897 612 3988; x_wconf 85' lang='lat' dir='ltr'>linguae</span> <span class='ocrx_word' id='word_1_195' title='bbox 632 3899 832 3988; x_wconf 90' lang='lat' dir='ltr'>corrupti0,</span> <span class='ocrx_word' id='word_1_196' title='bbox 856 3897 958 3988; x_wconf 92' lang='lat' dir='ltr'>quod</span> <span class='ocrx_word' id='word_1_197' title='bbox 979 3898 1108 3966; x_wconf 89' lang='lat' dir='ltr'>attinet</span> <span class='ocrx_word' id='word_1_198' title='bbox 1134 3897 1182 3965; x_wconf 91' lang='lat' dir='ltr'>ad</span> <span class='ocrx_word' id='word_1_199' title='bbox 1202 3901 1318 3965; x_wconf 91' lang='lat' dir='ltr'>muta-</span> 
     </span>
     <span class='ocr_line' id='line_1_29' title="bbox 260 4023 1318 4116; baseline -0.001 -26"><span class='ocrx_word' id='word_1_200' title='bbox 260 4027 337 4093; x_wconf 87' lang='lat' dir='ltr'>tam</span> <span class='ocrx_word' id='word_1_201' title='bbox 351 4026 619 4094; x_wconf 87' lang='lat' dir='ltr'>vocabulorum</span> <span class='ocrx_word' id='word_1_202' title='bbox 634 4027 952 4116; x_wconf 86' lang='lat' dir='ltr'>significationem.</span> <span class='ocrx_word' id='word_1_203' title='bbox 971 4025 1084 4113; x_wconf 88' lang='lat' dir='ltr'>Cujus</span> <span class='ocrx_word' id='word_1_204' title='bbox 1104 4023 1318 4092; x_wconf 90' lang='lat' dir='ltr'>mutationis</span> 
     </span>
     <span class='ocr_line' id='line_1_30' title="bbox 262 4147 1318 4241; baseline -0.001 -24"><span class='ocrx_word' id='word_1_205' title='bbox 262 4147 346 4218; x_wconf 87' lang='lat' dir='ltr'>duae</span> <span class='ocrx_word' id='word_1_206' title='bbox 365 4151 549 4241; x_wconf 91' lang='lat' dir='ltr'>imprimis</span> <span class='ocrx_word' id='word_1_207' title='bbox 569 4173 690 4221; x_wconf 87' lang='lat' dir='ltr'>causac</span> <span class='ocrx_word' id='word_1_208' title='bbox 713 4153 805 4219; x_wconf 92' lang='lat' dir='ltr'>mihi</span> <span class='ocrx_word' id='word_1_209' title='bbox 829 4152 941 4220; x_wconf 91' lang='lat' dir='ltr'>fuisse</span> <span class='ocrx_word' id='word_1_210' title='bbox 960 4150 1133 4220; x_wconf 89' lang='lat' dir='ltr'>videntur</span> <span class='ocrx_word' id='word_1_211' title='bbox 1154 4173 1161 4218; x_wconf 76' lang='grc' dir='ltr'>ε</span> <span class='ocrx_word' id='word_1_212' title='bbox 1184 4169 1318 4236; x_wconf 90' lang='lat' dir='ltr'>nempe</span> 
     </span>
     <span class='ocr_line' id='line_1_31' title="bbox 262 4276 1319 4370; baseline -0.001 -25"><span class='ocrx_word' id='word_1_213' title='bbox 262 4278 437 4368; x_wconf 85' lang='lat' dir='ltr'>frequens</span> <span class='ocrx_word' id='word_1_214' title='bbox 456 4281 656 4350; x_wconf 87' lang='lat' dir='ltr'>verborum</span> <span class='ocrx_word' id='word_1_215' title='bbox 675 4280 865 4349; x_wconf 89' lang='lat' dir='ltr'>translatio</span> <span class='ocrx_word' id='word_1_216' title='bbox 894 4279 1010 4370; x_wconf 85' lang='lat' dir='ltr'>(apud</span> <span class='ocrx_word' id='word_1_217' title='bbox 1033 4279 1179 4349; x_wconf 87' lang='lat' dir='ltr'>Graecos</span> <span class='ocrx_word' id='word_1_218' title='bbox 1199 4276 1319 4367; x_wconf 71' lang='grc' dir='ltr'>τρόπαι)</span> 
     </span>
    </p>
   </div>
   <div class='ocr_carea' id='block_1_7' title="bbox 0 0 1583 5084">
    <p class='ocr_par' dir='ltr' id='par_1_7' title="bbox 0 0 1583 5084">
     <span class='ocr_line' id='line_1_32' title="bbox 0 0 1583 5084; baseline 0 0"><span class='ocrx_word' id='word_1_219' title='bbox 0 0 1583 5084; x_wconf 95' lang='lat' dir='ltr'> </span> 
     </span>
    </p>
   </div>
  </div>
 </body>
</html>
