3142 5084
693 411 874 473 -158—

299 578 386 648 Haec
417 577 574 646 iterandi
607 578 749 645 relativi
781 576 1010 646 consuetudo
1041 576 1175 644 dicitur
1208 577 1314 666 apud

250 707 534 796 jurisconsultos
554 707 727 794 frequens
746 706 858 773 fuisse
873 705 935 795 (1).

295 832 344 895 Cf.
371 833 497 919 Hygini.
521 834 610 909 (29);
690 831 754 908 Qui
768 851 849 895 cum
870 831 1089 914 Amphytriou
1116 831 1153 894 in
1176 831 1314 914 regiam

254 927 414 991 intrasset
437 928 521 1006 (119)
540 950 546 988 :
630 926 703 1005 Qui,
731 926 911 990 occasione
935 933 1047 1010 capta,
1077 926 1201 991 Orestes
1227 946 1314 990 cum

254 1019 382 1102 Pylade
398 1024 502 1082 noctu
512 1017 807 1100 Clytaemnestram
870 1017 1084 1081 interficiunt
1098 1022 1154 1096 (2).
1169 1018 1313 1082 Victor:

255 1113 319 1175 Per
333 1110 512 1193 angustias
525 1111 631 1173 maris
652 1111 740 1192 quod
753 1111 842 1174 inter
857 1111 1062 1194 Hispaniam
1085 1111 1316 1196 Africamque

255 1227 403 1288 oequor...
421 1211 566 1287 angusto
583 1225 618 1268 se
641 1204 751 1267 limite
767 1205 955 1269 coarctavit
977 1206 1016 1283 (Ι,
1032 1207 1076 1283 Ι).
1110 1206 1212 1283 Qui...
1237 1226 1317 1268 sur-

255 1318 331 1382 gere
347 1297 461 1361 noluit
475 1317 580 1360 coecus
594 1298 648 1376 (ΙΙ,
664 1298 727 1373 48).
748 1297 812 1374 Qui
823 1317 934 1380 quum
943 1304 1059 1366 noster
1076 1299 1206 1361 libellus
1221 1299 1315 1380 lege-

254 1398 348 1455 retur
362 1392 500 1454 oblatus
515 1391 585 1468 (ΙΙΙ,
606 1393 646 1466 1).
665 1390 713 1453 cf.
733 1390 849 1473 Optat.
867 1391 938 1454 Mil.
960 1415 965 1453 :
983 1391 1101 1472 fides...
1121 1391 1222 1474 cujus
1234 1392 1318 1472 fidei

255 1487 294 1565 (Ι,
309 1488 362 1563 Ι);
379 1488 659 1548 sacramentum...
679 1485 779 1566 cujus
799 1485 998 1547 sacramenti
1017 1486 1056 1564 (Ι,
1082 1487 1125 1563 5).

300 1614 332 1704 c)
355 1613 498 1682 Eodem
518 1612 632 1680 modo
648 1614 826 1682 iterantur
841 1613 940 1703 apud
955 1614 1143 1683 Victorem
1160 1615 1232 1683 alia
1246 1637 1318 1683 vo-

256 1739 386 1807 cabula
405 1762 411 1807 :

351 1863 452 1944 Cuius
467 1863 495 1924 si
512 1862 643 1924 nitatur
658 1862 849 1944 quisquam
866 1881 944 1944 quae
959 1862 1129 1944 perillum
1146 1863 1318 1928 dominus

254 1956 382 2035 fecerit,
393 1956 562 2039 paulatim
578 1974 756 2018 excurrere
771 1955 809 2033 (Ι,
826 1957 889 2031 24).
964 1955 1137 2019 Novimus
1153 1962 1186 2019 et
1199 1958 1316 2021 alium

255 2070 294 2114 ea
308 2055 508 2133 tempestate
526 2048 668 2112 nomine
684 2049 841 2111 Saturum
864 2050 925 2131 qui
942 2068 1022 2112 cum
1038 2050 1196 2112 lucidum
1224 2058 1320 2116 esset

256 2145 454 2208 membrum
470 2143 624 2206 ecclesiae
640 2143 831 2205 convenitur
843 2148 1027 2205 accusante
1042 2144 1261 2209 Marivad0...
1277 2153 1319 2209 ut

255 2239 351 2302 fieret
380 2237 519 2300 Saturus
546 2236 687 2300 arianus
711 2237 748 2316 (Ι,
765 2237 828 2314 48).
911 2236 945 2300 si
966 2236 1126 2320 diligeres
1151 2239 1317 2303 moritum

257 2350 438 2414 nunquam
465 2332 509 2394 ad
532 2330 721 2394 secundam
746 2337 893 2393 mortem
921 2333 1110 2395 attraheres
1135 2333 1314 2415 proprium

258 2426 363 2488 virum
380 2425 418 2505 (Ι,
435 2427 498 2502 50).
563 2425 608 2488 Ut
621 2429 741 2487 nostrae
756 2423 925 2507 relipionis
936 2425 1075 2508 episcopi
1086 2426 1147 2508 qui
1159 2426 1196 2488 in
1207 2426 1317 2490 Cons-

257 2519 504 2602 tantinopolim
535 2524 652 2582 sunt...
684 2539 724 2580 ex
754 2518 826 2600 ejus
854 2524 1025 2600 praecepto
1051 2519 1189 2603 episcopi
1210 2522 1320 2584 nostri

257 2616 421 2677 liberum
436 2614 623 2676 arbitrium
654 2612 805 2676 habeant
827 2613 881 2691 (ΙΙ,
897 2613 940 2689 4).
1028 2613 1184 2676 Vitantes
1208 2614 1320 2696 igitur

258 2709 361 2772 nostri
380 2709 553 2770 tumultus
582 2728 624 2770 ne
650 2707 736 2777 forte
768 2707 992 2789 postmodum
1014 2707 1135 2769 Ariani
1160 2708 1321 2772 dicerent

258 2801 352 2885 quod
367 2821 425 2864 eos
441 2805 625 2864 nostrorum
641 2799 850 2883 oppresserit
867 2799 1067 2879 multitudo,
1090 2800 1248 2882 deligunt
1272 2803 1317 2866 de

258 2915 293 2959 se
310 2894 451 2958 nostri...
468 2895 587 2958 decern
603 2893 658 2973 (ΙΙ,
675 2896 737 2971 53).
808 2893 983 2957 Libellum
999 2894 1042 2957 de
1057 2894 1126 2957 fide
1148 2896 1318 2978 conscrip-

258 2990 377 3064 serant,
405 2985 489 3048 satis
513 2984 673 3048 decenter
703 2984 983 3067 sufficienterque
1012 2986 1230 3068 conscriptum
1258 2987 1317 3068 (ΙΙ,

259 3084 322 3157 55).
387 3080 428 3142 Se
445 3079 518 3162 ipse
533 3079 715 3141 voluntarie
727 3098 886 3161 separare
898 3079 1001 3141 noluit
1012 3079 1082 3158 (ΙΙΙ,
1094 3081 1157 3157 37).
1225 3081 1320 3158 Qua-

260 3174 353 3237 libus
375 3172 589 3236 cruciatibus
613 3172 797 3234 eviscerutoe
817 3173 872 3235 vel
894 3172 1060 3235 eviscerati
1075 3172 1145 3235 sint
1160 3174 1229 3253 (ΙΙΙ,
1250 3177 1316 3253 24).

315 3267 518 3349 Deficiebont
529 3265 620 3329 fame
635 3270 817 3347 torquente
833 3265 948 3348 defecti
963 3265 1032 3346 (ΙΙΙ,
1049 3268 1112 3344 59).

192 3402 196 3407 ’
305 3398 532 3466 Pronomine
553 3397 705 3464 relativo
726 3397 917 3464 sententiae
934 3396 1163 3486 colligantur,
1182 3398 1320 3485 saepius

262 3546 376 3615 quam
395 3529 435 3592 ut
454 3525 580 3592 onmia
600 3524 753 3611 hujusce
769 3524 821 3590 rei
843 3524 1011 3612 exempla
1027 3525 1138 3591 citare
1157 3525 1318 3612 possim;

263 3658 298 3721 et
330 3651 369 3718 id
402 3650 555 3741 quidem
584 3673 627 3719 eo
661 3651 776 3740 magis
810 3650 1072 3718 admirandum
1102 3649 1210 3735 duco,
1243 3671 1320 3738 quo

263 3779 379 3866 magis
399 3779 438 3844 in
454 3777 531 3845 dies
551 3778 756 3846 invaluerat
776 3778 1005 3846 consuetudo
1036 3777 1213 3845 dissolute
1228 3777 1321 3845 scri-

263 3903 389 3988 bendi,
423 3910 463 3970 ut
488 3904 529 3970 fit
554 3904 592 3970 in
619 3905 818 3972 romanicis
847 3904 992 3993 linguis7
1028 3905 1092 3972 ubi
1127 3904 1320 3972 sententiae

298 4176 332 4242 (Ι)
349 4178 441 4226 Selom.
460 4176 573 4225 Rcinuch.
589 4176 628 4226 Gre
645 4176 704 4230 lut..
719 4192 747 4238 p.
768 4178 821 4227 347.

300 4253 331 4315 (Ι)
348 4252 510 4316 Petschenig:
527 4251 754 4314 llundscluiftlicte
769 4252 981 4316 [leberlieserunq
995 4269 1022 4316 p.
1038 4256 1082 4305 53.
