3142 5084
652 423 810 486 ...45-

204 589 373 660 alacriter
385 591 534 659 obviam
549 591 682 660 ivisse‘?
698 588 868 681 Legimus
882 589 982 680 apud
996 589 1181 660 Victorem
1192 589 1254 681 (1),
1356 573 1358 575 ¹

204 718 429 788 Manichaeos
449 718 546 786 inter
564 718 721 786 Arianos
735 718 847 785 fuisse
862 719 908 813 ab
928 717 1114 786 Hunerico
1130 717 1258 807 depre-

205 844 366 930 hensos,
389 850 528 933 quanto
549 845 672 934 plures
691 843 800 933 igitur
819 843 1029 912 Donatistas
1048 843 1144 909 inter
1163 840 1258 910 Van·

206 969 310 1038 dalos
338 991 402 1039 rex
428 992 673 1039 annumerare
699 971 901 1060 potuisset!
938 969 1062 1037 Unum
1093 968 1255 1053 illorum,

205 1096 397 1170 Nicasium
419 1097 583 1183 nomine,
606 1095 654 1164 ad
672 1096 894 1165 Arianorum
922 1101 1044 1185 partes
1072 1094 1259 1163 transiisse

205 1225 244 1292 iu
263 1222 337 1292 fine
356 1225 440 1293 libri
466 1224 592 1294 Victor
611 1229 773 1293 testatur.
802 1223 908 1292 Unde
928 1220 1177 1313 colligendum
1205 1226 1259 1290 est

207 1348 344 1417 multos
364 1348 575 1418 Donatistas
593 1349 847 1419 Vandalorum
866 1350 1032 1418 favorem
1054 1349 1123 1416 sibi
1138 1349 1260 1418 conci-

204 1476 311 1545 liasse
327 1481 361 1544 et
376 1499 456 1555 sese
484 1477 525 1545 in
554 1478 722 1546 animum
738 1478 831 1568 regis
846 1477 1091 1546 insinuavisse
1109 1500 1116 1564 3
1142 1478 1259 1545 immo

205 1608 391 1677 contendo
421 1608 620 1698 plerosque
643 1608 878 1700 adanorum,
899 1609 1132 1698 presbyteros
1166 1629 1260 1698 quos

204 1737 396 1806 libenter«
414 1738 623 1807 hortatores
639 1739 820 1806 scelerum
842 1761 858 1804 ))
879 1758 985 1823 voco,
1002 1738 1114 1805 fuisse
1134 1736 1260 1804 Dona-

206 1865 328 1952 tistas,
346 1866 384 1933 hi
400 1871 463 1934 aut
473 1885 600 1956 regum
612 1865 866 1935 Vandalorum
875 1864 1055 1953 palatium
1067 1884 1260 1954 nunquam

206 1993 401 2078 intravere,
420 1993 522 2083 quod
538 1993 686 2063 difficile
702 1992 941 2078 credendum,
957 1998 1030 2077 aut,
1049 2013 1135 2062 curn
1149 1992 1260 2060 intra·

204 2141 304 2207 vere,
341 2124 543 2191 maximam
570 2124 665 2191 inter
694 2122 833 2190 aulicos
868 2122 1136 2205 auctoritatem,
1167 2141 1260 2209 quos

206 2251 357 2319 scientia
373 2255 408 2318 et
423 2250 622 2318 excultiore
638 2255 761 2318 mente
777 2250 1012 2339 superabant,
1025 2247 1150 2338 adepti
1161 2252 1256 2318 sunt.

206 2372 297 2457 Quae
307 2394 407 2458 vero,
416 2379 518 2442 tanta
528 2374 610 2441 freti
624 2373 1025 2460 auctoritate,fecerint‚
1035 2372 1259 2442 documento

206 2505 291 2568 sunt
302 2500 385 2568 latae
397 2501 443 2569 ab
454 2499 641 2569 Hunerico
652 2504 780 2568 contra
792 2500 992 2568 catholicos
1008 2498 1149 2568 eaedem
1164 2500 1261 2589 leges

206 2638 300 2718 quas
307 2629 412 2713 olim,
425 2630 637 2717 petentibus
653 2629 855 2713 catholicis,
868 2649 1045 2696 romanus
1060 2628 1262 2716 imperator

201 2759 334 2823 'contra
354 2755 557 2824 haereticos·
570 2762 605 2824 et
627 2755 837 2823 Donatistas
861 2755 994 2822 tulerat
1014 2753 1076 2844 (2).
1104 2753 1261 2823 Vandali

206 2886 343 2966 autem,
369 2882 510 2950 nedum
534 2883 654 2951 socios
683 2883 779 2949 ultro
808 2881 998 2949 venientes
1027 2880 1257 2970 repellerent,

207 3028 337 3092 eorum
352 3008 439 3077 odio
461 3031 535 3100 quo
555 3009 731 3078 adversus
754 3010 955 3077 catholicos
980 3007 1169 3093 ardebant,
1188 3029 1261 3076 ser-

205 3131 363 3216 vierunt,
381 3134 490 3219 atque
505 3132 556 3198 ita
568 3130 743 3199 Vandalis
756 3149 899 3220 gressus
911 3131 1054 3199 facilior
1065 3137 1118 3199 est
1129 3131 1257 3199 factus

250 3257 354 3326 Hanc
375 3279 527 3347 operam
546 3263 586 3326 ut
605 3257 776 3327 Barbaris
796 3264 983 3343 navarent,
1003 3258 1204 3326 Donatistis
1223 3280 1261 3327 se

202 3387 358 3474 junxere
387 3386 503 3454 Mauri
528 3386 591 3476 (3),
621 3388 732 3455 simili
756 3386 931 3455 adversus
960 3387 1148 3454 Romanos
1174 3384 1261 3454 odio

206 3513 367 3599 incitati3
393 3519 522 3582 contra
546 3536 639 3604 quos
664 3515 808 3603 quoties
828 3535 930 3582 arma
957 3514 1118 3599 tulerint,
1136 3513 1262 3583 videre

207 3644 262 3708 est
292 3640 392 3730 apud
418 3663 542 3710 rerum
573 3641 820 3710 africanarum
853 3642 1071 3729 scriptores,
1104 3642 1191 3710 satis
1217 3642 1263 3710 sit

207 3762 322 3833 Firmi
342 3769 377 3833 et
397 3764 564 3834 Gildonis
587 3764 638 3855 (4)
657 3766 811 3833 nomina
833 3766 872 3833 in
899 3771 1063 3834 mentem
1090 3786 1263 3836 revocare

240 4050 273 4114 (1)
292 4049 352 4099 vict.
367 4049 423 4108 vit,
440 4050 470 4110 ΙΙ,
487 4050 513 4099 1.

240 4126 274 4191 (2)
293 4127 358 4179 vict.
376 4125 437 4187 vit„
461 4126 502 4186 Ill,
524 4125 575 4175 71:
594 4139 606 4172 r<
622 4125 666 4174 lile
687 4124 749 4191 legis
768 4127 831 4176 datae
852 4127 1011 4176 transversor
1028 4140 1059 4177 ex
1074 4125 1264 4177 Donatianorum

207 4199 322 4249 haeresim
336 4201 366 4249 ad
379 4213 420 4248 eos
432 4199 573 4249 veniens...
588 4199 670 4262 periit.
690 4215 703 4246 a

242 4276 273 4338 (3)
291 4277 431 4338 Procopius,
450 4276 468 4335 l,
486 4277 512 4324 5.

243 4352 279 4418 (4)
297 4352 366 4403 Gildo
378 4351 506 4404 rebellavit
521 4365 586 4403 auno
600 4351 653 4402 398.
