3142 5084
779 395 939 458 ,48-

333 564 586 634 Vandalorum
609 566 776 632 animum
803 565 1005 647 tentabant,
1035 585 1126 653 quas
1152 561 1328 631 invadere
1353 566 1388 629 et

335 693 524 761 catholicis
544 712 673 782 rapere
697 694 735 759 in
761 697 936 781 promptu
964 696 1052 775 erat,
1082 697 1121 758 ut
1148 713 1209 759 eas
1235 691 1389 759 Ariano-

334 840 418 886 rum
437 819 604 909 religioni
625 818 858 887 devoverent.
881 819 979 885 Luce
995 818 1129 885 clarius
1148 819 1258 907 igitur
1277 838 1389 906 appa·

334 952 389 1016 ret
407 946 594 1016 Vandalos
612 947 763 1014 firmum
782 966 936 1036 regnum
963 948 1002 1014 in
1020 945 1154 1030 Africa,
1177 946 1247 1014 nisi
1268 943 1389 1012 deleta

335 1072 386 1139 ibi
402 1073 689 1140 christianorum
708 1072 895 1161 religione,
925 1076 1084 1140 statuere
1111 1094 1188 1139 non
1210 1072 1386 1161 potuisse,

335 1204 463 1266 contra
496 1220 620 1287 quam,
656 1204 696 1267 ut
729 1219 904 1267 censuere
938 1198 1136 1267 delendam
1169 1220 1260 1283 esse,
1303 1218 1389 1266 cum

335 1325 497 1394 maxima
515 1327 552 1394 vi
571 1326 765 1410 resisteret,
794 1327 956 1393 maxima
980 1331 1014 1394 et
1037 1347 1149 1414 quam
1169 1326 1230 1392 vix
1250 1324 1390 1413 excogi-

335 1452 412 1515 tare
431 1449 550 1537 possis
564 1448 739 1517 violentia
754 1450 807 1516 uti
827 1470 976 1518 necesse
997 1450 1065 1518 fuit
1087 1449 1149 1541 (1).
1171 1450 1267 1519 Nam
1287 1449 1390 1516 nulla

335 1596 419 1664 spes
440 1581 517 1644 erat
535 1577 613 1644 fore
633 1581 672 1644 ut
691 1576 744 1644 illi
765 1577 966 1666 aliquando
987 1579 1080 1667 regis
1101 1578 1217 1645 ariani
1236 1577 1389 1644 arbitrio

336 1702 519 1772 cederent.
544 1703 634 1786 Quis
662 1723 746 1794 ergo
765 1705 920 1774 miretur
939 1704 1180 1773 Gensericum
1200 1724 1389 1772 summum

335 1831 466 1901 Africae
486 1833 685 1922 imperium
712 1833 956 1930 affectantem,
985 1834 1021 1901 vi
1048 1834 1171 1901 statim
1194 1838 1228 1900 et
1249 1837 1389 1900 terrore

335 1959 512 2028 adversus
532 1959 763 2041 christianos,
786 1959 872 2028 dolo
888 1965 1012 2027 autem
1028 1981 1114 2027 cum
1128 1958 1389 2028 Valentiniano

336 2088 571 2176 imperatore,
589 2089 719 2177 primis
734 2089 836 2177 regni
856 2089 1097 2177 temporibus,
1119 2110 1229 2156 usum
1247 2086 1389 2154 fuisse‘l

379 2215 517 2283 Verum
550 2215 769 2301 Hunericus,
799 2217 839 2283 in
871 2218 985 2305 patris
1018 2217 1143 2285 locum
1173 2213 1386 2298 succedens,

335 2346 533 2431 postquam
548 2347 601 2409 tot
617 2346 652 2410 et
667 2343 777 2410 tantis
793 2341 959 2410 cladibus
972 2342 1040 2410 sub
1053 2339 1250 2410 Genserico
1262 2357 1390 2426 accep·

336 2470 394 2554 tis,
416 2471 561 2538 romani
578 2477 612 2538 et
631 2471 818 2560 byzantini
838 2471 984 2559 imperii
1004 2471 1199 2538 infirmitas
1219 2470 1389 2538 omnium

336 2597 452 2664 oculis
471 2596 651 2685 patefacta
671 2602 759 2681 erat,
778 2595 917 2680 debuit,
935 2601 975 2663 ut
993 2595 1150 2681 videtur,
1169 2617 1254 2665 cum
1273 2595 1390 2663 nemi-

336 2744 423 2790 nem
455 2722 722 2808 reformidaret,
759 2724 884 2790 mitius
921 2743 1006 2790 cum
1046 2723 1254 2791 christianis
1283 2740 1389 2811 agere

337 2851 462 2939 eisque
481 2850 640 2918 liberum
656 2850 850 2952 arbitrium
866 2827 1017 2918 tandem
1032 2851 1256 2939 permittere.
1281 2848 1391 2916 Haud

336 2977 386 3044 ita
399 2977 537 3044 factum
551 2981 615 3061 est,
629 2982 664 3045 et
674 2976 713 3043 id
726 2976 877 3066 quidem
892 2978 1017 3045 multis
1033 2976 1079 3045 de
1093 2978 1223 3045 causis
1242 2975 1389 3044 Etenim

336 3120 413 3166 non
433 3098 573 3166 eisdem
593 3101 727 3189 quibus
747 3108 851 3190 pater
866 3102 980 3169 animi
997 3100 1145 3168 dotibus
1161 3100 1361 3169 excellebat
1380 3123 1388 3186 ;

336 3229 446 3315 atque
467 3247 540 3315 quo
561 3226 783 3295 imbecillior
809 3232 843 3295 et
865 3227 1042 3312 obtusior,
1068 3249 1112 3295 eo
1133 3227 1292 3294 ferocior
1314 3231 1391 3294 erat
1481 3213 1483 3216 Α

336 3352 375 3419 in
389 3353 616 3442 injungenda
639 3355 779 3421 caeteris
800 3355 976 3443 religione
997 3375 1110 3443 quam
1132 3355 1212 3443 ipse
1231 3352 1388 3438 colebat,

231 3498 232 3502 ’
338 3501 381 3547 eo
396 3480 599 3548 faciliorem
620 3482 731 3549 etiam
754 3482 935 3570 episcopis
951 3481 1087 3548 arianis
1102 3500 1230 3548 aurem
1250 3480 1391 3569 praebe-

336 3607 410 3674 bat.
433 3607 613 3696 Denique,
639 3612 741 3676 tanta
761 3586 974 3675 divitiarum
1000 3606 1199 3697 cupiditate
1224 3605 1390 3695 impelle-

336 3734 456 3818 batur,
485 3739 525 3801 ut
547 3734 640 3801 nihil
665 3735 844 3823 potuisset
870 3756 956 3802 eum
978 3733 1164 3802 retardare
1189 3733 1390 3822 quominus

338 3860 464 3930 avidas
478 3863 518 3928 iu
533 3862 800 3932 catholicorum
824 3869 858 3930 et
879 3863 1117 3931 ecclesiarum
1138 3863 1237 3930 bona
1257 3881 1390 3929 manus

336 3988 549 4078 porrigeret.
574 3986 662 4056 Haec
682 3988 750 4057 fuit
772 4009 882 4058 causa
904 4009 970 4058 cur
991 3987 1197 4058 Hunericus
1223 3985 1391 4056 Genseri-
1421 4032 1428 4044 .

369 4273 402 4336 (1)
415 4274 452 4323 Gt.
474 4272 563 4324 Eurict
573 4274 773 4338 persecutionem
788 4274 815 4324 ia
828 4273 905 4326 Gallia
921 4272 1062 4338 (rattruut,
1077 4287 1105 4334 p.
1122 4273 1246 4335 13a1l3).
