3142 5084
764 395 924 458 ,16-

362 566 398 631 80
417 563 540 632 Editio
560 563 780 632 Theodorici
796 564 963 631 Ruinarti
981 565 1020 632 111
1036 585 1101 632 sua
1117 563 1269 632 historia
1289 586 1371 653 per-

317 694 516 765 secutionis
535 692 738 763 vandalicae
753 693 929 784 (Parisiis,
949 691 1062 783 1694).

361 822 398 890 90
416 821 539 889 Altera
559 819 726 909 ejusdem
749 820 938 910 (Venetiis,
961 818 1075 909 1732).
1110 820 1278 888 Ruinarti
1298 820 1373 888 edi-

317 951 457 1019 tionem
473 950 607 1017 iterum
623 949 788 1018 exhibuit
810 948 980 1038 Mignius,
1002 948 1041 1016 in
1066 969 1133 1016 suo
1153 947 1370 1038 patrologiae

317 1078 441 1146 latinae
457 1098 565 1146 cursu
582 1077 766 1166 completo
786 1075 962 1166 (Parisiis,
985 1075 1083 1161 1862,
1107 1082 1132 1144 t.
1154 1075 1275 1158 LVIII,
1298 1077 1368 1145 col.

318 1203 395 1288 180,
418 1204 502 1295 sq).

361 1332 570 1423 Antequam
594 1332 657 1400 illa
683 1331 850 1400 Ruinarti
878 1331 990 1402 editio
1019 1333 1058 1400 in
1077 1333 1199 1402 lucem
1218 1333 1369 1423 prodiit,

317 1460 474 1530 Victoris
502 1458 596 1526 liber
624 1458 662 1525 in
697 1458 900 1549 Anglorum
934 1465 968 1528 et
1000 1459 1177 1528 Italorum
1207 1461 1371 1550 linguam

317 1587 514 1656 translatus
535 1590 609 1670 est3
631 1607 716 1654 eum
733 1607 881 1676 quoque
901 1588 941 1654 in
962 1586 1143 1655 Gallicum
1159 1609 1370 1656 sermonem

316 1718 504 1783 verterunt
519 1712 735 1782 Franciseus
746 1712 1004 1781 Belleiorestus
1030 1714 1220 1804 (Franpois
1231 1714 1277 1783 de
1292 1714 1373 1783 Bel-

317 1840 666 1932 leforest>(ParisiiS,
684 1862 783 1909 anno
801 1841 913 1932 1563),
934 1847 969 1911 61
984 1841 1373 1933 ArnaldusAndyllius

318 1966 484 2058 (Arnaud
504 1966 705 2057 d’Andilly)
724 1967 901 2057 (Parisiis,
923 1989 1022 2037 anno
1043 1968 1157 2060 1664).

362 2097 546 2181 Attamen,
569 2117 784 2185 quanquam
813 2097 1011 2167 Ruinartus
1042 2099 1181 2187 optime
1211 2098 1257 2168 de
1285 2100 1372 2169 vIris

318 2247 442 2293 rerum
471 2224 717 2292 africanarum
743 2225 870 2312 peritis
894 2228 1046 2294 meritus
1067 2233 1135 2311 est,
1159 2229 1237 2315 ejus
1259 2228 1371 2296 editio
1442 2247 1448 2259 ‘

319 2351 465 2421 mendis
476 2373 552 2419 non
563 2357 678 2419 vacat.
696 2351 815 2420 Nimis
827 2353 927 2420 enim
943 2352 1097 2421 indulsit
1112 2354 1373 2423 consuetudini

319 2478 491 2548 codicum
512 2478 850 2567 manuscriptorum
881 2484 1020 2547 textum
1041 2479 1259 2569 corrigendi,
1282 2503 1375 2570 prae-

320 2609 445 2676 sertim
460 2608 499 2674 in
518 2606 609 2673 locis
629 2606 693 2672 ubi
709 2627 730 2673 a
745 2607 1071 2694 grammaticorum
1091 2608 1225 2696 regulis
1246 2614 1375 2676 auctor

320 2733 491 2803 recedere
509 2733 714 2800 videbatur.
732 2733 774 2799 ln
794 2733 865 2800 hoc
880 2734 1012 2800 vitium
1030 2734 1224 2823 aliquoties
1244 2735 1374 2804 incidit

320 2861 500 2944 HalmiuS,
532 2881 608 2927 non
642 2859 728 2926 satis
763 2859 953 2928 codicibus
983 2863 1243 2951 manuscriptis
1268 2864 1369 2931 fisus

320 2986 531 3075 Propterea,
562 2985 876 3053 accuratissimam
900 2985 1143 3076 Petschenigii
1172 2987 1372 3057 edilionem

320 3114 555 3204 potissimum
575 3117 721 3181 secutus
737 3134 819 3180 sum
847 3135 930 3202 quae
959 3113 1116 3182 Victoris
1137 3120 1171 3183 et
1200 3116 1373 3186 Afrorum

321 3242 404 3332 styli
415 3241 626 3330 imaginem,
637 3260 720 3308 mea
729 3240 881 3329 quidem
895 3243 1087 3327 sententia,
1101 3244 1240 3332 optime
1249 3244 1369 3312 refert.

365 3586 418 3653 Ita
432 3586 695 3654 Victoristexto
704 3586 743 3652 in
756 3587 953 3674 pristinum
969 3591 1104 3653 statum
1120 3586 1375 3655 adoctissimis

323 3710 530 3779 Germaniae
549 3711 637 3778 viris
656 3710 835 3793 restituto,
858 3711 1018 3777 restabat
1038 3716 1077 3778 ut
1097 3711 1142 3779 de
1163 3713 1277 3801 ipsius
1292 3713 1376 3781 Vic-

322 3836 411 3902 toris
425 3834 657 3903 vandalicam
672 3835 967 3921 persecutionem
984 3838 1188 3903 enarrantis
1203 3837 1376 3906 laudibus

323 3965 358 4027 et
368 3961 476 4044 vitiis,
496 3960 616 4048 deque
632 3961 711 4048 ejus
726 3958 820 4047 stylo
837 3959 1049 4048 disputatio,
1068 3967 1248 4049 quantum
1259 3986 1317 4031 res
1331 3966 1376 4032 si-

323 4095 438 4173 neret,
461 4088 628 4156 absoluta
649 4087 912 4155 institueretur.

369 4216 473 4283 Hanc
494 4234 559 4307 ego
588 4216 764 4303 perficere
789 4232 977 4304 aggressus
1006 4238 1100 4285 sum.
1132 4217 1258 4310 ltaque
1278 4221 1378 4291 hunc
