3142 5084
657 463 697 472 -.
720 428 838 489 123-

210 598 485 688 praepositionis
510 595 559 664 ad
578 618 698 681 usum,
726 596 889 685 regulam
913 597 1073 684 optimos
1097 600 1265 663 auctores

211 727 356 793 secutos
370 722 482 791 fuisse
497 722 560 812 (1).

256 849 336 917 Mos
346 849 414 941 fuit
427 854 552 917 autem
567 847 668 937 apud
683 847 895 932 deteriores,
913 854 948 916 et
964 849 1150 938 praecipue
1165 847 1264 937 apud

213 977 478 1046 ecclesiasticos
505 978 701 1066 scriptores
720 976 900 1065 jungendi
919 977 1138 1065 plerumque
1157 998 1266 1044 accu-

214 1103 332 1170 sativo
352 1102 657 1191 praepositionem
685 1102 744 1184 ad,
769 1106 853 1168 ante
873 1106 936 1168 aut
954 1106 1037 1190 post
1055 1102 1168 1169 verba
1189 1123 1267 1168 nro-

212 1229 335 1315 vendi,
360 1230 462 1319 quia,
485 1236 524 1297 ut
543 1231 623 1317 jam
648 1229 735 1313 dixi,
765 1229 993 1297 accusativus
1019 1229 1119 1297 velut
1144 1231 1266 1298 caeteri

84 1399 88 1405 -
213 1376 331 1439 casuS,
353 1355 429 1422 vim
449 1355 633 1423 amiserat.

260 1479 382 1569 Optat.
401 1480 521 1548 Milev.
548 1502 554 1546 :
577 1480 812 1570 aelfricum
832 1482 1035 1549 missisunt
1059 1480 1100 1569 (Ι,
1117 1480 1196 1570 26);
1219 1482 1268 1549 ad

216 1607 341 1676 urbem
362 1608 520 1676 Romam
539 1614 692 1676 ventum
712 1615 765 1677 est
789 1609 831 1699 (Ι,
852 1609 911 1698 23)
929 1631 936 1695 ;
1020 1608 1114 1677 redit
1134 1609 1183 1676 ad
1202 1610 1266 1676 do-

214 1754 314 1802 mum
333 1733 390 1822 (V,
413 1732 461 1821 8).
483 1733 793 1824 —Hieronymus
814 1759 820 1802 :
843 1734 982 1802 Ibimus
998 1735 1046 1802 ad
1062 1735 1243 1802 Nazareth
1253 1760 1265 1820 ,·

276 1861 475 1950 Pergamus
495 1862 544 1929 ad
562 1860 764 1949 ltabyrium
775 1886 787 1946 ,·
866 1862 976 1929 Duxit
992 1860 1097 1928 illum
1113 1859 1162 1928 ad
1180 1861 1267 1950 Epi-

216 1988 373 2057 daurum
393 1988 456 2079 (2).
478 2030 522 2038 -
540 1989 690 2058 Victor:
767 1989 887 2079 Pergit
906 1995 994 2058 tunc
1009 1989 1058 2057 ad
1079 1989 1267 2079 Cartbagi-

214 2139 295 2187 nem
314 2118 388 2208 (ΙΙΙ,
410 2117 490 2208 53);
587 2119 785 2207 urgebatur
803 2118 1002 2186 multitudo
1022 2118 1071 2186 ad
1095 2118 1209 2208 ipsam
1229 2139 1267 2186 se

216 2245 340 2315 urbem
361 2246 617 2335 Carthaginem
637 2265 856 2336 congregare
875 2247 948 2336 (ΙΙΙ,
971 2246 1040 2336 60).

260 2371 293 2457 ο)
312 2370 399 2438 Haec
415 2370 562 2439 dicendi
574 2371 803 2440 consuetudo
814 2394 835 2440 a
846 2372 991 2461 plebeio
1005 2392 1175 2440 sermone
1188 2377 1267 2440 orta

217 2504 304 2582 erat,
326 2499 366 2564 in
386 2519 460 2587 quo
479 2499 693 2588 praepositio
720 2500 769 2567 ad
794 2499 1014 2588 plerumque
1038 2520 1123 2567 cum
1146 2499 1268 2566 verbis

217 2622 445 2691 directionem
471 2623 721 2693 indicantibus
747 2624 1003 2693 adhibebatur.
1025 2625 1269 2714 Frequentior

218 2755 294 2818 erat
319 2751 457 2819 locutio
484 2752 530 2820 do
555 2753 604 2820 ad
624 2774 800 2842 pauperes
826 2774 939 2843 quam
966 2753 1011 2821 do
1034 2752 1265 2843 pauperibus.

216 2876 341 2946 Livius
367 2878 445 2966 ipse
472 2899 549 2945 non
573 2880 688 2946 semel
714 2881 754 2946 in
781 2880 852 2948 hoc
881 2880 1012 2947 vitium
1041 2879 1181 2964 incidit,
1205 2880 1268 2969 qui

218 3003 337 3072 dixit:
367 3005 523 3073 restituit
552 3007 601 3073 ad
625 3013 792 3096 parentes
820 3006 878 3097 (ΙΙ,
910 3006 979 3096 13),
1008 3007 1057 3074 ad
1086 3008 1268 3076 Romanos

216 3128 274 3218 (Χ,
297 3129 392 3219 lla)
410 3130 472 3219 (3).
495 3130 547 3199 lta
568 3131 775 3200 enodantur
794 3133 874 3200 haec
892 3132 1072 3200 Victoris:
1094 3133 1153 3202 Ad
1172 3133 1269 3220 quod

217 3254 275 3345 (z
302 3255 377 3345 cui)
402 3257 564 3325 universi
593 3259 756 3347 episcopi
787 3259 1057 3349 responderunt
1081 3258 1154 3348 (ΙΙΙ,
1184 3257 1266 3347 17),

220 3381 436 3472 Hieronymi
451 3405 457 3450 :
470 3383 707 3472 Loquebatur
721 3386 771 3453 ad
784 3386 981 3453 Dominum
991 3385 1116 3475 (Epist.
1131 3384 1207 3469 130,
1217 3383 1265 3473 4),

218 3507 268 3576 ad
285 3508 472 3597 Apostolos
492 3508 632 3577 dictum
653 3517 706 3579 est
725 3510 782 3600 (V.
804 3511 917 3579 Hilar.
939 3511 998 3600 40)
1015 3533 1023 3595 ;
1045 3510 1268 3599 Augustinus

217 3635 386 3726 (passim)
402 3659 408 3704 :
422 3637 569 3705 Precari
581 3638 630 3706 ad
639 3639 848 3707 Dominum.
869 3639 921 3706 Cf.
940 3639 1056 3728 gallio.
1072 3663 1078 3708 :
1096 3639 1122 3706 il
1137 3639 1269 3727 parlait

218 3785 265 3832 aa
277 3764 463 3854 Seigneur,
477 3765 502 3833 il
514 3765 692 3834 adressait
703 3789 760 3836 ses
770 3769 910 3856 prieres
922 3789 969 3835 aa
982 3767 1168 3856 Seigneur,
1183 3773 1266 3852 etc,

218 3893 353 3980 quibus
373 3898 507 3962 nostrae
526 3895 799 3983 praepositionis
819 3898 840 3963 d
865 3896 967 3984 origo
987 3894 1199 3962 illustratur.

249 4165 282 4230 (Ι)
295 4167 410 4226 ὓωΙιθτ.,
424 4167 533 4220 Latinite‘
549 4168 579 4218 de
592 4168 618 4220 St
629 4169 737 4232 Je'rome,
754 4186 778 4234 p.
792 4170 849 4220 328.

250 4242 282 4305 (a)
299 4243 406 4292 Goelzer.
423 4241 475 4308 (op.
493 4245 589 4306 citato),
606 4260 629 4308 p.
648 4247 705 4294 327.

249 4316 282 4378 (3)
300 4317 422 4383 Chaszang
438 4335 443 4367 :
463 4318 501 4370 G‘0
516 4319 593 4371 latiae
609 4323 642 4383 (p.
658 4319 723 4383 itt).
