3142 5084
705 394 864 456 -ffi-

257 568 330 652 bat,
354 571 388 634 et
408 566 590 654 Corippus
606 566 669 654 qui
689 568 892 652 reportatas
907 563 946 630 in
960 562 1080 632 Africa
1101 583 1121 632 a
1140 563 1311 632 lohanne

256 692 452 760 Justiniani
467 689 700 779 imperatoris
721 687 814 756 duce
843 693 971 756 contra
990 687 1138 757 Mauros
1158 693 1193 757 et
1210 688 1311 758 Van-

250 809 361 888 ¹dalos
374 818 546 887 victorias
562 817 705 901 cecinit,
728 821 768 883 ut
783 820 914 882 caetera
931 816 1009 903 ejus
1024 837 1137 904 opera
1151 822 1308 886 taceam.

303 944 450 1014 Etenim
469 944 613 1012 facilius
624 947 700 1010 erat
715 962 837 1010 aureae
852 941 1042 1010 latinitatis
1052 914 1180 1032 poetas
1196 965 1311 1032 quam

257 1074 474 1143 Ciceronem
494 1071 551 1140 vel
567 1071 659 1139 alios
679 1070 743 1159 qui
764 1070 884 1138 soluto
901 1091 1073 1138 sermone
1088 1073 1312 1161 scripserant

255 1201 415 1286 imitari,
438 1201 536 1289 quia,
554 1204 642 1267 tunc
662 1199 851 1288 temporiS,
869 1198 1102 1267 versificandi
1131 1221 1190 1268 ars
1209 1200 1311 1290 apud

257 1349 319 1397 eos
335 1327 455 1395 solum
475 1326 514 1393 in
528 1325 671 1393 honore
694 1331 729 1393 et
753 1347 822 1393 usu
839 1329 915 1392 erat
945 1327 1009 1413 qui
1028 1326 1068 1393 in
1087 1325 1223 1394 scholis
1247 1332 1312 1396 aut

255 1453 294 1520 in
314 1454 558 1521 litteratorum
573 1451 771 1518 hominum
787 1451 933 1519 circulis
947 1454 1189 1521 versabantur
1208 1454 1273 1542 qui
1289 1475 1311 1521 a

255 1582 364 1671 vulgo
385 1582 529 1665 semoti,
547 1601 668 1669 neque
688 1580 727 1647 in
747 1579 844 1669 vulgi
864 1602 974 1648 usum
995 1581 1207 1666 scribentes,
1229 1600 1310 1672 ger-

256 1729 407 1777 manam
441 1708 680 1796 antiquorum
707 1711 901 1795 poetarum
933 1711 1050 1774 artem
1082 1712 1117 1774 et
1145 1707 1310 1797 linguam

255 1836 419 1927 quodam
444 1835 557 1904 modo
578 1835 735 1904 retinere
754 1840 925 1923 poterant
948 1834 1010 1925 (1).
1032 1833 1077 1903 At
1097 1856 1174 1903 non
1193 1836 1243 1904 ita
1263 1835 1310 1905 de

257 1965 489 2035 ciceroniana
498 1964 622 2053 lingua
634 1965 765 2032 evenit.
783 1964 931 2032 Solutus
943 1965 1042 2032 enim
1054 1963 1311 2033 Romanorum

256 2110 390 2174 sermo,
424 2110 501 2156 non
515 2089 596 2176 jam
623 2088 811 2172 ludorum,
846 2094 886 2155 ut
916 2089 1051 2176 poesis,
1083 2089 1308 2174 exercitatio,

256 2236 368 2305 quem
388 2234 529 2298 omnes,
551 2214 610 2281 vel
630 2213 782 2282 Barbari
798 2215 955 2303 imperio
976 2235 1132 2282 romano
1148 2214 1308 2283 immixti

255 2342 513 2431 loquebantur,
531 2339 652 2408 latiori
668 2341 707 2407 in
723 2338 801 2408 dics
817 2339 1102 2410 christianorum
1113 2341 1311 2410 hominum

255 2467 419 2539 societati
443 2465 757 2551 accommodatus,
792 2466 1009 2556 quotidiano
1042 2473 1077 2536 et
1106 2488 1221 2556 pravo
1255 2468 1311 2536 lo-

255 2592 394 2684 quendi
411 2615 479 2662 usu
500 2594 817 2682 corrumpebatur.
839 2592 998 2662 Necesse
1024 2595 1134 2684 igitur
1151 2595 1219 2663 fuit
1238 2594 1311 2663 illis

255 2723 319 2811 qui
330 2722 466 2810 ingenii
477 2722 617 2789 viribus
626 2742 703 2788 non
717 2719 891 2805 destituti,
905 2742 1041 2809 purum
1055 2721 1311 2790 Romanorum

255 2865 466 2913 sermonem
493 2845 699 2932 potuissent
732 2845 901 2929 retinere,
936 2867 1022 2914 cum
1050 2847 1310 2916 tantummodo

255 2970 436 3060 dirigendi
457 2975 492 3037 et
511 2969 669 3038 docendi
689 2972 818 3060 populi
847 2992 956 3040 causa
982 2979 1044 3040 aut
1070 2974 1312 3062 loquerentur

255 3102 318 3164 aut
338 3096 549 3181 scriberent,
572 3097 717 3186 plebeio
739 3096 886 3165 dicendi
906 3100 1001 3166 mori
1013 3099 1225 3190 indulgere3
1248 3122 1311 3169 ne-

255 3247 327 3315 que
343 3225 415 3292 alia
436 3224 482 3292 de
503 3246 612 3293 causa
627 3224 852 3314 Augustinus
869 3227 933 3315 qui
948 3227 1067 3295 luerat
1080 3229 1119 3295 in
1138 3228 1259 3297 Africa
1276 3233 1310 3296 et

253 3355 293 3422 in
312 3353 415 3423 Italia
434 3352 564 3421 doctus
583 3354 777 3422 rhetoricae
798 3355 885 3422 artis
905 3357 1089 3444 magister,
1118 3357 1309 3444 propriam

254 3481 624 3571 loquendirationcm
635 3481 866 3549 auditoribus
878 3482 1121 3550 ciceronianae
1136 3483 1311 3572 eloquen-
1382 3462 1388 3466 ’

254 3607 314 3673 tiae
333 3606 514 3695 imperitis
529 3605 827 3674 accommodavit
837 3605 898 3697 (2).
921 3606 974 3674 lta
989 3607 1144 3675 invaluit
1157 3628 1310 3676 consue-

255 3731 345 3800 tudo
360 3732 604 3799 litteratorum
618 3731 815 3799 hominum
824 3739 858 3801 et
872 3734 1130 3822 imperitorum
1146 3734 1310 3824 linguam

255 3858 447 3943 miscendi,
470 3864 580 3948 atque
595 3859 773 3947 paulatim
793 3862 946 3929 sincerae
966 3862 1154 3931 latinitatis
1169 3884 1310 3931 memo-

255 3989 308 4056 ria
329 3993 364 4056 et
383 4009 471 4055 usus
487 3988 654 4073 exolevit,
676 3988 734 4056 vel
750 3988 850 4077 apud
866 3990 1007 4078 eosqui
1024 3990 1063 4058 in
1078 4011 1308 4081 paganorum

288 4247 1024 4315 ffltstfflmwwmmfflfflmfflQpffl

288 4326 320 4394 (Ξ)
339 4327 383 4375 8¹⁰⁵
399 4329 515 4390 August,
534 4327 560 4376 iu
575 4327 687 4384 Psalmos
702 4327 740 4393 32,
759 4333 785 4377 n⁰
798 4327 825 4379 2.
