3142 5084
702 404 861 463 ..70-

298 571 496 642 Maximam
511 570 621 661 igitur
639 592 766 640 curam
785 571 910 640 Victor
922 570 1104 660 impendit
1114 579 1154 640 ut
1168 578 1222 641 tot
1233 595 1311 641 me-

254 699 491 770 morabilium
510 719 635 768 rerum
655 699 798 787 quaein
816 697 937 768 Africa
957 704 1156 769 evenerant
1178 700 1310 792 imagi-

254 848 332 912 nes,
364 825 555 894 concitatis
583 825 699 894 animi
719 825 888 895 sensibus
915 830 951 894 et
976 825 1099 894 vivida
1125 827 1307 914 oratione,

254 957 340 1022 ante
359 950 529 1019 omnium
550 950 613 1040 qui
633 950 833 1019 audiebant
856 950 983 1019 oculos
1004 957 1215 1041 exponeret.
1240 953 1311 1022 lta-

254 1099 339 1170 que,
361 1098 447 1147 cum
459 1076 507 1145 ad
526 1074 726 1145 imitandos
745 1076 874 1145 fratres
890 1077 953 1167 qui
968 1082 1069 1147 tanta
1079 1078 1178 1168 passi
1190 1084 1307 1167 erant,
1386 1164 1389 1167 Ι

255 1226 401 1276 summa
419 1205 456 1272 vi
476 1204 695 1273 christianos
714 1204 894 1291 incitaret,
917 1227 1076 1296 cumque
1095 1206 1175 1296 ipse
1194 1207 1309 1275 inter-

255 1333 346 1404 dum
365 1331 612 1402 acerbissimae
627 1331 894 1421 persecutionis
913 1330 1170 1402 recordatione
1191 1337 1310 1426 exagi-

255 1465 405 1546 taretur,
427 1458 637 1528 immodicis
653 1458 871 1528 elocutionis
890 1457 1015 1549 figuris
1031 1463 1142 1549 atque
1163 1461 1208 1530 iis
1224 1485 1310 1553 quae

256 1587 356 1679 apud
371 1587 519 1657 Graecos
539 1593 701 1677 ὑπερὸὁλαι
716 1586 900 1672 dicuntur,
925 1588 1029 1676 quasi
1060 1589 1218 1658 naturali
1237 1592 1310 1659 im-

254 1716 364 1808 pulsu
379 1737 468 1785 usus
483 1719 557 1801 est;
572 1713 757 1803 simulque
771 1713 852 1782 haec
866 1714 979 1782 verba
997 1736 1004 1783 :
1023 1714 1111 1804 quid
1120 1716 1232 1806 pluru
1246 1719 1307 1790 ἲ)...

256 1844 334 1934 quis
349 1848 466 1935 posset
489 1842 731 1928 recordari...
755 1861 964 1911 enumerare
980 1844 999 1912 t
1018 1847 1100 1929 etc,
1124 1866 1208 1933 quae
1228 1845 1311 1916 rhe-

255 1972 369 2041 torice
389 1970 601 2039 adhibuisse
620 1969 777 2055 videtur,
793 1969 1016 2059 frequenter,
1039 1992 1157 2060 usque
1176 1972 1224 2040 ad
1238 1973 1313 2043 lec-

255 2100 345 2170 toris
360 2098 524 2184 taedium,
543 2099 724 2190 adhibuit,
736 2103 778 2167 ut
792 2119 850 2166 res
861 2099 954 2167 serie
965 2104 1131 2169 carentes
1144 2102 1310 2191 quodam

257 2227 434 2295 orationis
452 2226 601 2294 vinculo
621 2226 717 2293 inter
736 2246 774 2293 se
794 2226 1043 2316 conjungeret.
1066 2227 1248 2318 Denique,
1270 2233 1312 2302 in

256 2353 478 2424 narrationis
492 2353 578 2439 fine,
597 2374 724 2442 preces
740 2353 813 2421 illae
826 2353 961 2442 quibus
977 2354 1098 2422 Deum
1115 2361 1149 2422 et
1164 2362 1311 2426 sanctos

254 2481 380 2551 Victor
398 2481 556 2566 invocat,
572 2479 663 2569 quid
678 2479 779 2548 aliud
795 2484 880 2548 sunt
894 2480 964 2547 nisi
985 2502 1098 2549 sacrae
1118 2482 1311 2575 concionis

255 2609 470 2698 peroratio‘l

299 2736 384 2805 Non
409 2734 586 2803 dubitabo
607 2734 716 2823 igitur
747 2733 868 2802 dicere
897 2733 1083 2803 Victorem
1101 2734 1310 2807 Passionem

255 2861 461 2949 Martyrum
494 2859 653 2926 scribere
686 2858 859 2943 voluisse,
888 2878 1045 2946 eamque
1069 2858 1108 2924 in
1134 2861 1310 2930 cathedra

257 2989 551 3077 exprompsisse,
579 2993 689 3076 atque
721 3008 819 3072 eum,
841 2986 1004 3056 historiae
1030 2989 1191 3078 speciem
1212 2989 1310 3058 libro

257 3114 442 3200 daturum,
460 3114 541 3183 loca
555 3113 754 3198 addidisse,
776 3119 816 3181 ut
829 3115 1024 3204 prologum
1039 3120 1073 3184 et
1083 3115 1169 3204 fidei
1187 3117 1309 3185 culho·

257 3242 334 3312 licoe
348 3243 493 3330 librum,
511 3243 664 3333 Eugenii
686 3243 997 3334 Carthaginiensis
1017 3267 1122 3334 opus,
1146 3250 1180 3313 et
1200 3245 1309 3315 famis

243 3368 543 3459 ¹descriptionem
563 3376 598 3438 et
617 3369 792 3438 Hunerici
807 3371 937 3437 mortis
956 3372 1197 3456 mentionem,
1224 3393 1309 3460 quae

256 3498 382 3565 omnia
401 3498 583 3585 posterius
599 3497 734 3564 inserta
749 3496 860 3564 fuisse
872 3518 982 3565 nemo
999 3497 1145 3586 negabit
1159 3520 1166 3583 ;
1182 3499 1310 3586 sicque

255 3623 440 3693 Victorem
465 3645 508 3692 ex
532 3625 793 3692 concionatore
817 3623 1055 3691 historiarum
1076 3626 1306 3713 scriptorem,

256 3749 359 3839 quasi
382 3770 425 3816 ex
439 3749 600 3834 fortuito,
624 3750 792 3817 evasisse.

300 3875 409 3960 Quod
429 3874 477 3944 ad
497 3875 658 3944 historiae
674 3880 790 3944 artem
805 3878 974 3966 pertinet,
992 3877 1212 3966 plerumque
1228 3878 1309 3948 Vic-

255 4009 313 4073 tor
330 4005 464 4073 fatetur
484 4024 522 4071 se
538 4004 796 4072 tantummodo
816 4006 985 4073 brevitati
1001 4005 1196 4073 studuisse.
1216 4004 1309 4089 Quae

255 4138 379 4200 autem
399 4153 508 4200 causa
523 4132 632 4199 fuerit
647 4153 712 4200 cur
727 4132 822 4200 hanc
842 4133 1026 4201 scribendi
1042 4134 1224 4201 rationem
1238 4133 1309 4202 ele-

254 4260 356 4348 gerit,
379 4280 455 4327 non
474 4259 579 4327 facile
595 4266 647 4327 est
667 4261 866 4348 inquirere.
888 4261 986 4328 Num
1002 4261 1171 4329 instantis
1185 4283 1309 4352 perse-

256 4386 413 4457 cutionis
434 4391 533 4459 metu
549 4387 807 4474 impellebatur
817 4393 856 4459 ut
871 4388 1064 4461 historiam
1075 4409 1181 4459 suam
1193 4410 1309 4482 quam
