3142 5084
681 983 833 1053 CAPUT
851 984 882 1053 II

322 1205 360 1250 o!
376 1207 576 1256 ΟυΟΗυΜῠΑΜ
592 1207 822 1252 vooauutonuu
840 1209 920 1253 NOVA
935 1208 996 1254 Aut
1013 1209 1243 1256 lusotturtont

656 1312 906 1358 aldulficurtem:

298 1584 351 1652 Ea
367 1575 450 1674 quae
461 1584 621 1653 diximus
632 1585 678 1654 de
693 1586 842 1654 mutatis
857 1587 954 1654 inter
966 1608 1004 1655 se
1016 1584 1309 1655 declinationum

256 1717 292 1780 et
322 1714 624 1804 conjugationum
654 1715 795 1799 formis,
836 1720 1049 1804 corruptam
1088 1714 1310 1783 latinitatem

255 1843 379 1910 minus
425 1847 604 1909 testantur
649 1863 763 1931 quam
804 1843 988 1930 permulta
1025 1842 1087 1910 illa
1126 1841 1310 1910 vocabula

255 1991 350 2061 quae,
369 1971 538 2058 quamvis
552 1970 746 2058 pristinam
760 1971 919 2039 formam
934 1971 1145 2056 retinerent,
1164 1991 1185 2038 a
1198 1991 1310 2041 sensu

254 2095 455 2185 antiquitus
475 2095 608 2162 usitato
628 2116 779 2183 prorsus
799 2095 1031 2165 recedebant.
1054 2095 1192 2164 Mutata
1207 2097 1310 2165 enim

255 2223 335 2290 haec
349 2222 616 2290 vocabulorum
628 2245 741 2312 quam
756 2224 856 2312 apud
864 2223 1050 2294 Victorem
1060 2224 1185 2293 notavi
1202 2223 1312 2314 signi·

254 2347 388 2430 ficati0,
415 2368 492 2415 non
512 2347 545 2414 ei
564 2352 627 2414 aut
646 2348 795 2415 cuilibet
816 2347 982 2435 ejusdem
1001 2349 1178 2437 temporis
1199 2349 1313 2437 scrip-

255 2475 325 2542 tori
351 2474 585 2563 peculiariter
608 2473 816 2562 objicienda
836 2480 900 2542 est.
929 2474 1086 2544 Necesse
1106 2479 1160 2542 est
1185 2479 1311 2542 autem

256 2603 438 2671 affirmare
459 2625 556 2687 eum,
579 2604 645 2670 etsi
665 2603 826 2671 Tullium
846 2610 909 2671 aut
922 2602 1135 2693 Vergilium,
1153 2608 1193 2671 ut
1207 2602 1313 2672 vide-

255 2729 391 2814 bimus
414 2730 616 2817 saepissime
642 2731 778 2798 imitari
797 2731 966 2816 voluerit,
995 2752 1053 2799 res
1079 2729 1180 2799 haud
1206 2731 1313 2799 aliter

256 2877 369 2945 quam
390 2877 456 2923 suo
478 2861 645 2943 tempore
666 2854 955 2946 designarentur,
977 2858 1099 2925 verbis
1120 2856 1312 2946 designare

256 2983 420 3071 potuisse
439 3003 446 3068 ;
464 2981 563 3050 unde
579 2982 827 3073 colligendum
843 2991 896 3052 est
912 2984 1014 3052 illam
1029 2984 1311 3069 vocabulorum,

257 3108 391 3193 dicam,
419 3107 732 3198 depravationem,
761 3111 861 3190 velut
880 3112 1126 3179 inveteratum
1155 3110 1310 3194 malurn,

256 3234 464 3303 istiusmodi
494 3236 613 3303 causis
642 3236 810 3304 effectam
841 3236 953 3303 fuisse
985 3258 1077 3326 quas
1110 3236 1313 3326 reprimere

256 3363 345 3431 boni
366 3369 544 3449 auctores,
568 3364 697 3452 quinto
724 3365 872 3450 saeeulo,
901 3365 1033 3431 frustra
1059 3365 1310 3432 tentavissent.

257 3490 331 3558 Has
352 3490 503 3580 quidem
532 3512 661 3559 causas
689 3492 918 3581 inquirentes
938 3492 1166 3581 grammatici
1193 3490 1314 3559 solent

257 3618 452 3705 scriptores
473 3619 737 3687 ecclesiasticos
749 3621 918 3687 incusare
934 3619 1036 3708 quod
1050 3619 1210 3687 maxime
1231 3641 1313 3686 om-

259 3746 375 3829 nium,
392 3745 549 3813 latinum
564 3767 786 3832 sermonem,
805 3746 970 3815 adhibita
985 3747 1168 3815 insolente
1184 3747 1313 3815 verbo-

259 3894 342 3940 rum
362 3873 639 3962 significatione,
667 3873 958 3962 depravaverint.
981 3873 1054 3943 Eos
1075 3874 1181 3942 facile
1196 3874 1315 3941 fateor

260 4019 400 4066 novum
412 3998 637 4087 quibusdam
648 4000 838 4068 vocabulis
854 4022 1004 4068 sensum
1015 4000 1152 4068 addere
1168 3999 1314 4067 debuis-

260 4148 310 4211 se,
333 4132 373 4194 ut
391 4147 448 4194 res
462 4127 605 4195 divinas
621 4130 878 4217 exprimerent.
896 4128 953 4212 At,
972 4134 1112 4213 contra,
1130 4132 1221 4216 quot
1235 4148 1314 4194 ver-

260 4255 307 4329 ba
332 4256 485 4331 minime
512 4256 557 4330 ad
584 4279 722 4327 novum
752 4257 885 4332 Christi
911 4257 1051 4329 cultum
1077 4256 1311 4353 pertinentia,
