3142 5084
771 394 932 456 ..20-

325 564 417 634 nihil
437 583 594 653 usquam
615 561 662 631 ad
682 560 869 630 edendum
884 561 1016 629 incolae
1031 563 1182 648 possent
1196 558 1374 626 invenire.

324 690 555 759 Privatorum
584 709 733 778 quoque
758 687 902 772 domos,
936 686 1034 755 aedes
1063 685 1110 755 ad
1137 685 1206 752 Dei
1238 684 1379 752 cultum

324 823 537 904 reservatas,
559 818 784 885 monasteria
799 816 1085 903 coemeteriaque
1104 815 1187 902 igne
1206 813 1378 902 ferroque

324 947 596 1031 subvertebant,
613 946 847 1034 presbyteros
863 951 897 1012 et
911 944 1117 1033 praesertim
1131 943 1325 1031 episcopos
1344 945 1380 1010 et

324 1073 599 1155 nobilissimum
629 1092 828 1160 quemque,
862 1070 1040 1139 suadente
1065 1069 1277 1137 divitiarum
1305 1067 1364 1135 siti

324 1199 566 1287 exagitabant,
593 1203 632 1264 ut
656 1197 725 1264 sibi
750 1197 780 1263 si
809 1195 899 1285 quid
919 1196 999 1264 auri
1022 1194 1214 1278 haberent,
1241 1191 1380 1260 condo-

325 1330 467 1394 narent.
488 1324 600 1392 Senes
615 1324 816 1409 violabant,
830 1324 1062 1411 infantesque
1077 1343 1098 1390 a
1113 1326 1282 1389 materno
1297 1321 1378 1387 sinu

323 1459 451 1541 raptos
475 1454 514 1521 in
536 1459 673 1520 terram
688 1452 943 1541 projiciebant.
968 1449 1058 1533 Quis
1081 1448 1242 1538 denique
1265 1449 1381 1538 possit
1410 1464 1414 1471 ’

324 1576 446 1647 dicere
462 1599 536 1667 quo
553 1578 703 1646 illorum
720 1577 916 1645 crudelitas
932 1576 1178 1665 processerit‘l
1195 1574 1287 1658 Quae
1303 1596 1379 1643 non
1468 1647 1470 1650 ,

322 1711 493 1794 poterant
513 1724 721 1795 expugnare
737 1704 887 1794 oppida,
906 1705 1086 1794 congestis
1102 1707 1243 1794 necatae
1258 1702 1381 1770 multi-

322 1830 461 1899 tudinis
477 1830 717 1899 cadaveribus
733 1827 1025 1913 circumdabant,
1043 1833 1083 1896 ut
1098 1826 1227 1917 oppidi
1247 1827 1379 1896 incolae

322 1966 424 2048 peste
443 1960 581 2049 pariter
601 1963 635 2026 et
654 1959 751 2027 fame
772 1959 964 2026 interirent
979 1958 1041 2048 (1).

366 2082 451 2150 Mox
471 2088 576 2172 capta
597 2089 650 2150 est
670 2105 690 2150 a
711 2082 909 2151 Genserico
925 2083 1234 2172 Hipporegiorum
1252 2082 1379 2150 civitas

322 2208 418 2300 (430)
437 2215 560 2299 atque,
582 2217 666 2299 post
686 2232 820 2280 novem
841 2231 959 2279 annos
973 2211 1053 2300 ipsa
1068 2209 1262 2299 Carthago,
1279 2209 1379 2278 locu-

321 2337 534 2426 pletissimis
545 2337 756 2426 provinciis,
769 2337 959 2426 Byzacena
976 2342 1011 2404 et
1020 2337 1217 2426 Zeugitana
1230 2341 1265 2405 et
1274 2341 1379 2425 parte

322 2463 521 2551 Numidiae,
552 2464 806 2534 Vaudalorum
831 2464 989 2553 imperio
1019 2463 1182 2552 adJ'ectis.
1212 2463 1315 2531 Tunc
1339 2463 1378 2530 in

323 2592 511 2661 civitatum
535 2593 711 2681 primates
736 2593 834 2660 etin
859 2593 1065 2681 episcopos,
1087 2594 1128 2658 ut
1153 2595 1272 2675 antea,
1304 2589 1379 2658 dux

201 2769 203 2773 -
321 2719 501 2787 vandalus
525 2721 619 2787 iram
644 2720 816 2805 exercuit,
843 2720 893 2786 ita
920 2723 960 2785 ut
983 2716 1133 2786 difficile
1158 2721 1251 2785 esset
1271 2737 1378 2785 enar-

323 2867 404 2913 rare
425 2852 515 2934 quot
535 2851 722 2914 senatores
742 2846 781 2913 in
805 2846 1018 2913 servitutem
1045 2843 1224 2933 redegerit
1250 2848 1313 2913 aut
1339 2844 1378 2911 in

323 2971 493 3038 exsilium
512 2972 664 3039 miserit.
688 2971 781 3039 Satis
801 2971 846 3037 sit
866 2969 912 3038 de
932 2968 1205 3054 Quodvultdeo,
1228 2968 1378 3037 Cartha-

323 3095 416 3184 ginis
437 3095 625 3184 episcop0,
648 3099 684 3161 et
703 3094 749 3162 de
768 3094 938 3183 plurimis
958 3095 1056 3162 illius
1071 3095 1173 3162 urbis
1191 3094 1378 3183 presbyte-

322 3222 372 3288 ris
388 3242 481 3309 quos
497 3220 543 3289 de
558 3220 708 3290 sedibus
723 3221 798 3288 suis
814 3225 848 3287 et
864 3219 1036 3287 domibus
1054 3220 1203 3309 expulit,
1221 3220 1377 3287 mentio-

322 3370 409 3416 nem
428 3349 559 3417 facere.
581 3346 694 3416 AEdes
714 3369 835 3417 sacras
857 3369 1006 3437 quoque
1026 3349 1096 3416 sibi
1116 3348 1309 3436 arrogavit,
1327 3352 1373 3432 et,
1399 3336 1401 3341 ’

322 3496 369 3544 ne
385 3474 475 3565 quid
490 3497 649 3565 usquam
664 3476 873 3543 christianae
888 3475 1074 3564 religionis
1086 3475 1280 3563 vestigium
1291 3494 1377 3542 ocu-

321 3601 366 3669 lis
382 3606 601 3687 occurreret,
615 3602 776 3670 honores
792 3603 855 3691 qui
871 3602 989 3669 solent
1002 3602 1041 3669 in
1055 3601 1205 3690 publico
1221 3601 1376 3669 mortuis

322 3727 440 3810 reddi,
462 3729 520 3797 vel
539 3729 712 3797 funebres
733 3736 873 3815 cantuS,
894 3730 1021 3797 vetuit.
1043 3729 1162 3797 lmmo
1178 3734 1218 3796 ut
1237 3729 1377 3818 episco-

321 3857 379 3944 pis
406 3855 453 3923 ad
477 3856 660 3945 populum
684 3857 723 3923 in
746 3855 910 3924 Ecclesia
928 3856 1166 3946 loquentibus
1188 3855 1376 3925 silentium

323 3984 542 4073 imponeret,
571 4005 700 4053 eorum
727 3984 951 4075 quibusdam
978 3985 1124 4053 crimini
1149 3982 1250 4052 dedit
1275 3981 1377 4073 quod

355 4269 388 4334 (l)
406 4269 465 4320 Vict.
483 4269 584 4330 Vltcnsi,
601 4271 619 4332 l,
638 4270 701 4322 1-12.
