3142 5084
668 381 880 477 4173-

258 579 298 646 in
316 577 449 664 Africa,
471 577 574 647 latini
591 578 728 669 eloquii
748 579 876 648 laudes
892 579 1052 647 maxime
1068 582 1308 647 evanuerunt.

259 705 418 791 Etenim,
451 728 548 791 cum,
583 706 715 775 eodem
744 707 819 776 fere
838 713 1017 797 tempore,
1044 705 1144 796 apud
1173 704 1308 789 Gallos,

257 831 296 898 in
317 831 458 900 Sidonii
473 831 696 922 Apollinaris
716 838 751 901 et
771 833 931 901 Salviani
952 832 1139 923 operibus
1157 830 1310 920 quidam

257 958 329 1026 loci
360 959 482 1028 adhuc
510 960 679 1045 niterent,
700 959 873 1028 Afrorum
907 981 1029 1028 sermo
1063 964 1257 1049 corruptus
1276 963 1311 1025 et

257 1085 394 1175 lapsus,
417 1087 509 1154 nihil
523 1088 603 1176 jam
617 1088 745 1176 probae
760 1087 949 1155 latinitatis
969 1088 1160 1156 retinebat.
1184 1085 1310 1170 Quan-

259 1217 339 1280 tum
371 1213 497 1282 Victor
525 1213 668 1282 differat
697 1215 743 1282 ab
774 1214 951 1299 Arnobi0,
983 1236 1003 1282 a
1033 1213 1236 1297 Lactantio,
1263 1213 1310 1280 ab

260 1337 393 1428 Optato
413 1338 625 1409 Milevitano
646 1347 680 1409 et
700 1342 746 1409 ab
770 1339 973 1431 Augustino
1000 1341 1106 1409 facile
1134 1346 1169 1409 et
1188 1340 1310 1407 statim

259 1475 492 1557 compertum
513 1474 577 1537 est.
600 1468 755 1538 Arnobii
774 1469 868 1559 stylo
889 1471 983 1537 inest
997 1470 1126 1558 ingens
1144 1474 1178 1537 et
1194 1467 1311 1536 conti-

258 1616 353 1663 nuus
373 1596 500 1686 vigor3
529 1602 651 1686 atque,
675 1597 741 1664 etsi
768 1618 866 1686 saepe
890 1597 1061 1666 maluerit
1082 1616 1178 1665 nove
1198 1616 1311 1684 quam

257 1724 406 1813 proprie
430 1723 564 1808 dicere,
592 1730 631 1792 ut
651 1724 787 1814 stylum
814 1724 990 1793 adversus
1013 1743 1176 1814 paganos
1195 1723 1312 1812 magis

258 1856 463 1935 exacueret,
496 1857 580 1919 sunt
609 1852 648 1918 in
675 1852 754 1940 ejus
781 1851 876 1919 libro
897 1851 968 1919 loci
998 1872 1092 1940 quos
1121 1848 1311 1939 discipulis

258 1977 437 2046 oratorias
456 1977 584 2047 laudes
605 1979 862 2067 appetentibus
881 1999 1090 2068 proponere
1106 2000 1182 2047 non
1202 1976 1310 2045 dubi-

257 2106 422 2173 taverim.
460 2105 558 2190 Quid
596 2107 718 2175 dicam
756 2106 802 2175 de
838 2107 1028 2175 Lactantio
1062 2107 1166 2204 eujus
1195 2105 1310 2194 stylus

258 2232 417 2301 nitorem
446 2240 481 2302 et
508 2234 649 2303 flumen
683 2235 860 2304 orationis
889 2234 1132 2303 ciceronianae
1161 2233 1269 2301 refert
1292 2232 1310 2299 ‘l

256 2354 422 2426 Arnobio
450 2359 580 2426 similis
608 2360 755 2428 videtur
782 2359 874 2426 mihi
904 2358 1075 2448 Optatus;
1104 2359 1167 2448 qui
1187 2357 1310 2426 Dona-

255 2482 369 2570 tistas,
383 2492 423 2554 ut
437 2486 499 2555 ille
513 2506 687 2577 paganos,
699 2489 890 2557 sententiis
904 2488 1135 2556 creberrimis
1150 2486 1306 2570 lacessit,

256 2606 350 2696 stylo
371 2630 447 2678 non
476 2631 623 2700 semper
642 2612 728 2680 satis
756 2611 929 2701 expolit0,
956 2611 1019 2679 sed
1046 2617 1171 2678 tamen
1192 2607 1308 2676 nobili

257 2737 291 2799 61
313 2733 532 2804 vehemente
561 2759 660 2805 usus.
694 2738 792 2810 Inter
816 2759 879 2805 eos
906 2737 1062 2805 eminuit
1084 2735 1308 2825 Augustinus

256 2858 319 2945 qui
342 2857 542 2928 flexibilem
566 2860 770 2929 admodum
795 2861 1002 2930 orationem
1024 2860 1239 2929 hominibus
1260 2856 1308 2926 ad

255 3005 349 3072 quos
375 2993 438 3055 aut
456 2987 678 3076 loquebatur
701 2994 764 3056 aut
788 2988 971 3057 scribebat
998 2985 1304 3056 accommodavit.

254 3110 296 3178 ln
312 3114 548 3183 contionibus
568 3121 652 3183 ante
667 3115 849 3204 populum
874 3116 1008 3183 habitis
1027 3114 1198 3203 populari
1219 3133 1308 3202 qua-

255 3234 340 3303 dam
360 3237 533 3306 facilitate
558 3244 593 3306 et
616 3238 763 3306 licentia
789 3261 877 3307 usus
897 3244 961 3306 est.
988 3238 1034 3307 At
1061 3260 1199 3323 rursus,
1221 3258 1307 3304 cum

254 3363 379 3431 arduis
394 3365 589 3454 theologiae
604 3372 639 3434 et
657 3366 904 3456 philosophiae
921 3366 1189 3455 quaestionibus
1204 3385 1306 3432 men-

253 3493 328 3557 tem
356 3491 526 3577 intendit,
548 3494 824 3560 cioeronianum
850 3493 908 3562 vel
927 3492 1156 3583 platonicum
1180 3492 1305 3560 nescio

255 3615 356 3707 quod
370 3617 449 3706 ejus
459 3619 576 3687 oratio
592 3619 740 3704 habuit;
757 3620 796 3686 in
812 3620 975 3710 epistolis
991 3641 1092 3705 vero,
1111 3621 1306 3688 sententia-

253 3762 337 3810 rum
362 3745 577 3834 gravitatem
600 3745 722 3813 verbis
749 3766 834 3813 cum
863 3747 1027 3835 quodam
1057 3748 1191 3816 mentis
1218 3768 1305 3816 acu-

253 3872 354 3939 mine
383 3870 489 3939 dietis
518 3873 745 3962 temperavit.
782 3872 951 3963 Denique
984 3875 1159 3944 affirmari
1185 3879 1306 3965 potest

253 3998 448 4087 scriptores
468 3999 551 4067 illos
571 4001 740 4088 quamvis
760 4001 914 4069 maculis
934 4024 1010 4071 non
1024 4004 1160 4072 fuerint
1180 4023 1306 4092 exper-

253 4127 317 4207 tes,
349 4124 534 4192 scribendi
557 4131 633 4194 arte
662 4148 738 4194 non
760 4128 1013 4218 aspernandos
1042 4129 1232 4213 exstitisse,
1255 4129 1304 4196 ita

253 4255 292 4316 ut
308 4270 438 4318 omnes
452 4251 521 4318 viri
532 4250 726 4342 theologiae
743 4258 777 4320 et
791 4253 1038 4344 philosophiae
1054 4261 1089 4323 et
1099 4254 1304 4324 litterarum
