3142 5084
633 435 795 497 ..23-
879 399 885 410 ⁸

231 608 397 677 Mortuus
414 613 466 676 est
483 607 701 675 Gensericus
717 627 815 674 anno
831 606 918 692 477,
936 625 1164 696 regnumque
1178 609 1242 676 ob-

187 738 295 805 tinuit
324 737 444 826 major
475 737 553 824 ejus
582 735 692 820 filius,
724 733 931 802 Hunerieus
959 736 1122 803 nomine.
1154 735 1236 821 Iste,

185 864 299 953 patris
315 863 526 952 exemplum
542 867 687 930 secutus
703 861 767 950 qui
782 861 821 928 in
836 862 909 928 fine
924 862 1020 946 vitae,
1036 860 1239 929 Ecclesiam

187 991 416 1081 Carthaginis
436 990 590 1059 reserari
606 991 777 1079 jusserat,
800 990 908 1058 scita
928 990 1137 1057 christianae
1158 990 1240 1059 reli-

184 1114 302 1204 gionis
327 1119 514 1182 amantem
540 1113 666 1181 haberi
693 1112 821 1197 voluit,
848 1119 887 1180 ut
906 1112 1131 1181 Manichaeos
1155 1114 1240 1182 dili-

183 1243 396 1332 gentissime
425 1242 575 1331 inquiri,
612 1246 647 1309 et
677 1241 804 1309 exsilio
834 1247 895 1309 aut
926 1248 1044 1310 morte
1069 1243 1238 1310 mulctari

184 1369 395 1459 imperaret,
416 1370 640 1459 presbyteris
661 1351 784 1437 autem
806 1370 1034 1459 Carthaginis
1054 1372 1240 1460 permitte-

183 1502 238 1565 ret
266 1504 305 1565 ut
337 1498 554 1586 episcopum
588 1516 700 1584 quem
735 1495 870 1563 abhinc
904 1518 988 1563 xxrn
1024 1498 1131 1564 annis
1162 1520 1239 1565 non

183 1625 382 1715 habebant,
413 1624 587 1712 eligerent
610 1645 617 1708 3
643 1644 685 1690 ea
710 1627 835 1690 tamen
861 1623 939 1712 lege
968 1630 1007 1691 ut
1033 1623 1171 1709 Ariani,
1200 1625 1238 1691 in

184 1750 347 1836 Oriente,
374 1750 506 1819 eadem
534 1771 618 1839 qua,
649 1752 688 1817 in
717 1748 849 1835 Africa,
881 1749 1051 1817 catholici
1072 1749 1239 1818 libertate

182 1883 384 1948 uterentur.
423 1877 543 1962 Quam
581 1877 700 1966 legem
735 1897 820 1944 cum
855 1878 1059 1966 presbyteri
1084 1878 1237 1945 minime

183 2007 413 2076 tolerabilem
427 2008 688 2091 existimarent,
707 2006 773 2073 etsi
786 2026 867 2073 eam
879 2027 942 2072 rex
958 2005 1238 2074 minitabundus

183 2140 379 2203 conaretur
398 2136 603 2224 imponere,
622 2135 755 2223 rejecta
771 2134 934 2223 episcopi
951 2134 1108 2224 eligendi
1123 2133 1238 2202 facul·

182 2266 267 2347 tate,
288 2261 517 2350 Carthaginis
532 2260 736 2329 Ecclesiam
751 2262 969 2351 gubernanti
990 2261 1068 2329 Deo
1084 2263 1237 2351 permit-

182 2394 258 2456 tere
274 2388 495 2456 maluerunt.
515 2387 757 2456 Occasionem
773 2392 908 2472 autem,
931 2390 1131 2477 propositae
1152 2410 1238 2456 con-

183 2515 340 2584 dicionis
366 2515 584 2605 imprudens
600 2511 773 2604 'populus
802 2516 955 2605 arripuit
982 2516 1146 2605 episcopi
1175 2515 1238 2584 ha·

182 2642 308 2728 bendi,
336 2664 457 2731 neque
482 2648 567 2711 ante
589 2664 610 2709 a
637 2642 861 2710 clamoribus
883 2643 1098 2731 temperavit
1125 2663 1238 2732 quam

125 2836 128 2844 ,
182 2768 368 2858 Eugenius
384 2768 582 2857 episcopus
598 2773 794 2835 crearetur.
816 2767 886 2852 Qui
903 2789 988 2835 cum
1004 2767 1144 2835 eisdem
1160 2768 1239 2856 qui-

181 2897 251 2964 bus
271 2898 482 2963 antecessor
501 2895 714 2984 Deogratias
739 2895 935 2963 virtutibus
960 2897 1149 2979 emineret,
1172 2895 1238 2962 hu-

183 3022 357 3090 manitate
374 3025 409 3088 et
425 3040 508 3110 erga
524 3042 653 3088 omnes
666 3019 896 3105 liberalitate,
914 3019 1137 3088 Arianorum
1150 3020 1237 3088 odio

185 3148 381 3233 obnoxius,
393 3147 487 3214 dolis
501 3147 770 3235 calumniisque
786 3148 1059 3214 circumventus
1073 3152 1137 3214 est.
1152 3147 1238 3214 Mox

183 3276 283 3343 enim
303 3297 378 3359 rer,
406 3274 646 3342 suadentibus
672 3273 830 3358 Arianis,
857 3274 889 3341 ei
915 3274 1109 3363 imperavit
1133 3294 1179 3340 ne
1199 3274 1237 3338 in

182 3401 382 3492 episcopali
402 3401 576 3469 cathedra
592 3400 746 3486 sederet,
771 3422 892 3489 neque
911 3399 1093 3489 populum
1109 3399 1238 3468 exhor-

181 3534 331 3612 taretur,
349 3549 461 3617 neque
487 3527 686 3597 Vundulum
704 3527 908 3615 quempiam
927 3526 999 3593 siue
1016 3526 1146 3610 ulrum,
1164 3526 1236 3594 siue

181 3654 369 3722 merlierem
381 3654 576 3722 Ecclesium
593 3653 728 3720 intrare
743 3653 881 3720 sineret.
902 3653 995 3720 Cum
1006 3674 1093 3720 vero
1110 3651 1148 3718 id
1164 3674 1236 3719 res-

181 3804 342 3871 ponsum
358 3782 404 3849 ab
420 3781 585 3871 Eugenio
597 3780 738 3849 tulisset
757 3804 763 3848 :
784 3804 799 3846 r
821 3780 1146 3869 Ecclesiomputere
1162 3802 1236 3849 orn-

180 3903 285 3971 m'bus
302 3926 332 3988 a,
355 3925 429 3987 rex,
452 3904 653 3971 tortoribus
668 3904 857 3992 appositis,
877 3902 1029 3991 indigno
1054 3902 1235 3991 supplicio

180 4031 275 4098 affici
296 4031 405 4120 jussit
428 4033 653 4120 quicumque
674 4030 721 4098 ad
741 4029 945 4099 Ecclesiam
966 4029 1155 4098 accederet
1171 4029 1233 4121 (1).

213 4317 246 4384 (1)
263 4318 327 4372 rut.
343 4318 405 4380 uc,
419 4319 448 4378 n,
467 4317 534 4367 in.
