3142 5084
709 455 889 521 -164..

475 709 490 793 ,1
509 709 566 777 lv.
585 750 629 758 —
644 731 691 776 nr.
715 728 952 778 moeurrosrs
976 730 1115 779 rreums

314 884 514 969 Quantum,
544 885 700 953 Victoris
720 892 845 970 aetate,
868 885 961 954 illud
987 888 1212 975 scriptorum
1227 887 1331 976 judi-

267 1012 366 1078 cium
380 1012 488 1079 fuerit
509 1011 750 1100 depravatum
771 1018 988 1081 attestantur
1007 1034 1156 1103 quoque
1178 1015 1330 1082 creber-

265 1138 371 1204 rimae
390 1136 489 1225 apud
501 1159 564 1205 eos
580 1139 799 1206 elocutionis
814 1140 952 1228 figurae.
970 1138 1154 1225 Attamen,
1184 1139 1331 1209 Victori

264 1263 431 1350 ignoscas
452 1262 561 1330 velim
578 1264 654 1352 qui,
683 1284 898 1351 quanquam
926 1264 1038 1331 verba
1053 1264 1206 1352 proprie
1226 1263 1329 1333 dicta

264 1391 375 1457 nimis
389 1392 527 1478 rejecit,
549 1391 744 1479 aliquoties
765 1392 984 1460 elocutionis
1003 1393 1129 1481 figuris
1148 1414 1227 1461 non
1245 1395 1328 1462 sine

262 1518 376 1604 gratia
392 1523 426 1584 et
442 1517 524 1605 styli
538 1519 660 1606 vigore
676 1539 764 1585 usus
784 1525 848 1586 est.
872 1518 1074 1604 Quatenus,
1089 1519 1129 1586 in
1142 1519 1201 1587 his
1214 1520 1328 1588 adhi-

262 1644 406 1729 bendis,
424 1645 549 1712 Victor
563 1668 583 1712 a
600 1651 698 1713 recta
714 1645 899 1714 scribendi
915 1629 1185 1714 consuetudine
1201 1669 1329 1717 reces-

262 1773 360 1856 serit,
379 1772 555 1861 exemplis
575 1773 814 1862 sequentibus
830 1771 1105 1860 dijudicabitur,
1127 1775 1328 1863 inquibus

260 1901 481 1989 praeminent
503 1906 663 1988 μεταφὲραι
682 1922 766 1988 quae
782 1900 980 1968 dicuntur:

300 2027 342 2088 At
357 2027 418 2088 ubi
432 2031 575 2090 ventum
591 2032 696 2088 estut
713 2026 866 2090 cubiculi
882 2027 1064 2090 adirentur
1078 2034 1200 2092 secreto
1216 2031 1325 2095 silen-

263 2120 308 2182 tio
325 2121 363 2199 (l,
376 2122 438 2196 31).
457 2120 505 2183 Cl.
523 2122 672 2199 Lucret,
690 2121 748 2200 lV,
764 2122 822 2183 461
843 2122 1122 2185 :Severosilentia
1135 2123 1266 2188 noctis,
1284 2163 1327 2172 —

262 2213 363 2275 Orid.
388 2215 518 2277 Metam.
546 2214 633 2292 (Vll,
652 2216 722 2290 184)
741 2238 746 2276 :
819 2215 883 2277 Per
906 2220 1000 2278 mulo
1023 2215 1154 2280 silentio
1180 2220 1323 2299 noctis3

260 2306 353 2369 idem
368 2309 486 2384 (1232)
505 2331 509 2369 :
580 2307 691 2390 Fugit,
710 2314 903 2390 nactusque
919 2308 1051 2371 silentio
1060 2311 1192 2374 ruris..

299 2400 367 2463 lsto
383 2401 487 2464 modo
502 2401 581 2482 fidei
592 2401 776 2482 infringere
788 2421 859 2463 non
873 2401 984 2466 valuit
999 2423 1132 2466 murum
1151 2405 1257 2482 (Vict.
1278 2407 1323 2488 ll,

259 2497 319 2571 10).
346 2494 395 2558 Cl.
422 2495 505 2573 Cic,
534 2495 570 2556 in
587 2495 772 2557 Pisonemd
788 2519 793 2558 :
811 2495 880 2557 Lex
904 2496 1030 2559 AElia...
1049 2500 1322 2582 propugnacula

257 2590 407 2670 murique
424 2588 701 2672 tranquillitatis.
726 2587 828 2652 Ouid.
854 2590 941 2669 Mer,
962 2591 1049 2669 Xlll,
1071 2592 1150 2654 280:
1169 2591 1320 2659 Graium

256 2702 370 2743 nurrus
382 2682 583 2744 Achilles:
597 2682 675 2764 gall.
696 2706 701 2744 :
719 2681 750 2743 le
765 2687 911 2765 rempori
924 2683 983 2746 des
999 2683 1111 2747 Grecs

349 2777 392 2838 Ut
408 2796 485 2857 oper
496 2776 569 2856 jam
585 2775 701 2838 cultus
717 2781 749 2838 et
764 2777 1008 2859 egraminatus,
1036 2797 1163 2840 vomere
1184 2781 1317 2861 proedi-

256 2869 394 2930 cationis
422 2869 660 2950 evangelicum
689 2870 878 2952 susciperet
901 2891 1010 2932 semen
1038 2876 1071 2933 et
1097 2871 1200 2934 imbre
1222 2876 1318 2938 sacri

256 2962 476 3044 baptismatis
492 2962 660 3043 rigaretur
675 2962 713 3040 (l,
730 2964 782 3039 36)
795 2989 836 3017 τ.
855 2968 892 3024 ut
907 2963 1032 3044 Mauri,
1051 2965 1318 3047 praedicationis

255 3074 409 3134 munere,
427 3054 471 3117 ad
487 3055 616 3118 Christi
632 3055 835 3136 religionem
850 3057 1117 3120 attraherentur.

346 3148 481 3226 Quibus
492 3169 681 3231 prosequar
691 3149 885 3231 (luminibus
895 3150 1124 3214 lacrimarum
1135 3152 1190 3232 (ll,
1200 3155 1312 3232 aen...

254 3237 419 3301 Imbribus
443 3239 668 3302 lacrimarum
683 3236 756 3319 (lll,
774 3243 836 3317 43).
860 3241 909 3304 Cf.
926 3242 1052 3324 Vergil.
1070 3243 1163 3323 AEn.,
1183 3245 1287 3323 1‚465
1305 3272 1311 3312 :

253 3330 361 3394 Multa
377 3350 516 3414 gemens
529 3333 684 3415 lorpoque
695 3334 872 3396 humectat
884 3336 1023 3417 flumine
1035 3337 1185 3400 uultum.
1204 3337 1311 3404 ovid.

255 3425 363 3504 Trist,
381 3427 405 3504 l,
422 3429 452 3503 3,
470 3429 528 3488 18:
546 3427 654 3489 Imbre
665 3446 725 3509 per
737 3427 898 3508 indignas
909 3448 1019 3510 usque
1030 3430 1174 3494 cadente
1189 3449 1309 3513 genas.

345 3520 518 3582 Dominus
539 3540 702 3602 passerem
730 3540 834 3582 suum
860 3521 899 3583 de
927 3523 1083 3585 munibus
1113 3524 1310 3607 accipitrum

251 3613 362 3676 uoluit
388 3613 535 3675 liberare
550 3613 589 3692 (l,
606 3616 669 3692 27),
696 3612 732 3675 id
760 3618 809 3675 est
841 3636 846 3676 :
873 3613 1075 3695 Deogratias
1103 3613 1310 3697 episcopum

252 3706 348 3768 iratis
364 3706 502 3769 Arianis
518 3707 699 3770 subtraxit.
1213 3718 1219 3724 '

352 3801 415 3862 Per
439 3801 569 3883 plodios
595 3804 706 3863 ocrrtos
730 3805 900 3882 petrarum
930 3806 1034 3883 caput
1063 3803 1308 3867 conterebatur

250 3893 304 3973 (ll,
324 3896 376 3971 311)
390 3922 430 3950 ::
445 3915 506 3977 per
522 3901 635 3977 petras
651 3900 689 3956 ut
706 3894 812 3976 gladii
831 3901 959 3957 acutas

344 3988 408 4051 Scd
424 4008 504 4051 cum
521 3989 606 4070 ipnis
625 3989 860 4070 persecutionis
879 3990 1162 4054 accenderetur...
1180 3991 1235 4071 (Il,
1251 3993 1306 4070 47)

248 4109 286 4136 :-
302 4081 413 4163 gallic.
438 4080 574 4159 ardeur,
601 4081 717 4160 haine,
744 4082 867 4144 colere.
891 4081 941 4145 cf.
967 4082 1109 4164 Vergil,
1137 4083 1229 4159 AEn.,
1261 4084 1303 4165 ΙΙ,

247 4176 306 4236 575
324 4198 329 4236 :
347 4175 511 4236 Exarsere
529 4175 619 4256 ignes
633 4174 752 4236 animo
770 4198 776 4236 :
796 4174 889 4236 subit
909 4175 960 4236 ira
976 4175 1157 4239 cadentem
1174 4177 1305 4241 Ulcisci

246 4269 407 4350 patriam.
424 4288 465 4314 ‘-
481 4269 569 4347 Liu,
586 4269 627 4347 X,
644 4269 693 4347 24,
710 4270 749 4328 13
767 4292 773 4330 ;
790 4268 839 4330 Ne
855 4288 984 4351 parvus
1009 4269 1068 4333 hic
1090 4270 1175 4353 iguis
1191 4271 1303 4351 (Han-

248 4362 359 4443 nibal)
378 4362 581 4428 incendium
598 4362 719 4445 ingens
730 4363 924 4426 exsuscitet.
