3142 5084
703 429 863 493 ,65-

256 599 347 667 olim
356 598 527 667 Aubuzza
541 599 759 684 vocabatur;
777 621 860 689 quae
877 599 978 668 haud
992 600 1100 689 longe
1115 598 1310 690 aSicca(l)

256 707 383 817 (hodie
397 724 538 816 Elauer)
553 727 621 794 sita
637 731 725 795 erat.
742 726 784 794 ln
803 727 873 796 hac
892 727 1132 816 inscriptione
1150 726 1311 795 multum

256 857 424 921 truncata
451 859 487 921 et
511 859 663 943 propter
690 855 868 943 temporis
891 854 1066 942 injuriam
1089 854 1185 922 lectu
1215 852 1311 922 diffi-

253 966 331 1065 cili,
353 981 501 1070 triginta
519 981 686 1049 virorum
712 981 866 1049 nomina
892 981 1073 1071 leguntur,
1095 963 1191 1049 inter
1218 1002 1312 1071 quos

258 1112 343 1174 sunt
371 1105 467 1175 laici.
498 1104 710 1176 Vandalicae
734 1105 1001 1194 persecutionis
1027 1109 1313 1173 monumentum

259 1252 338 1301 esse
348 1237 464 1322 putat,
478 1233 535 1300 vir
549 1233 588 1299 in
599 1230 820 1322 indagandis
830 1230 1045 1320 hujusmodi
1058 1231 1173 1300 titulis
1187 1228 1314 1300 admo-

259 1360 350 1429 dum
370 1379 490 1450 sagas,
513 1359 676 1444 Rossius,
700 1380 819 1448 eoque
839 1358 1021 1449 designari
1038 1359 1180 1428 exsules
1196 1359 1260 1448 qui
1275 1347 1322 1426 in

259 1480 352 1559 urbe
372 1487 475 1556 Sicca
496 1487 541 1554 ab
561 1486 747 1556 Hunerico
768 1488 974 1577 congregati
995 1491 1080 1555 sunt
1089 1486 1151 1576 (2).
1171 1485 1315 1554 Horum

254 1616 413 1684 nomina
432 1616 472 1682 in
491 1615 751 1704 Martyrologio
776 1615 890 1682 relata
910 1621 1109 1703 antequam
1133 1615 1173 1681 in
1191 1612 1315 1702 lapide

260 1743 436 1832 inscripta
451 1748 548 1837 sunt,
572 1741 812 1809 Aubuzzitani
828 1742 867 1808 in
882 1740 1046 1809 homiliis
1061 1739 1313 1826 celebrabant3

261 1888 304 1935 ea
325 1869 425 1942 enim
447 1872 524 1935 erat
546 1866 720 1934 Afrorum
740 1864 982 1949 consuetude,
1004 1871 1044 1932 ut
1067 1865 1229 1949 illorum,
1252 1863 1315 1953 qui

261 1994 403 2064 fortiter
421 1995 718 2084 persecutionem
737 1993 835 2083 passi
856 1998 971 2077 erant,
989 1993 1210 2061 memoriam
1229 2012 1315 2081 pos·

262 2122 349 2191 teris
363 2121 561 2192 traderent.

309 2430 492 2521 Superest,
515 2439 717 2522 antequam
732 2434 841 2501 istam
860 2432 906 2500 de
924 2432 1081 2501 Victoris
1102 2433 1317 2500 auctoritate

264 2556 553 2648 disputationem
573 2560 738 2643 absolve,
761 2565 801 2626 ut
819 2580 937 2648 pauca
963 2559 1141 2626 disseram
1168 2557 1213 2626 de
1234 2559 1317 2647 qui-

263 2683 423 2753 busdam
440 2685 545 2753 factis
564 2685 722 2775 prodigii
742 2685 825 2753 loco
845 2685 980 2752 habitis
996 2706 1079 2774 quae
1099 2685 1160 2752 ille
1180 2683 1316 2752 retulit.

263 2809 317 2879 Ea
347 2818 471 2880 utrum
494 2834 581 2881 vera
609 2805 745 2880 fuerint
768 2834 816 2882 an
849 2813 952 2896 falsa,
979 2832 1112 2900 parum
1141 2811 1318 2898 interest;

265 2936 519 3005 demonstrare
554 2937 676 3006 solum
698 2937 783 3005 volo
817 2937 948 3006 eadem
972 2937 1066 3005 facta
1095 2943 1157 3004 aut
1190 2958 1320 3006 eorum

265 3065 399 3133 similia
419 3085 440 3133 a
460 3066 579 3155 quinti
600 3071 635 3134 31
659 3066 749 3134 sexti
770 3065 895 3134 saeculi
914 3065 1154 3154 scriptoribus
1174 3071 1320 3134 narrata

266 3192 391 3261 fuisse.
863 3168 865 3172 ι

309 3318 432 3387 Refert
450 3318 576 3387 Victor
591 3318 791 3408 quemdam
811 3318 983 3403 Felicem,
1006 3318 1125 3387 civem
1146 3317 1322 3407 carthagi-

265 3447 446 3530 niensem,
480 3446 606 3514 multis
628 3446 708 3533 jam
736 3446 843 3513 annis
872 3466 1028 3530 caecum,
1065 3445 1111 3513 ab
1141 3443 1319 3534 Eugeni0,

266 3594 394 3642 coram
418 3572 667 3656 multitudine,
699 3571 894 3640 oculorum
917 3572 1045 3639 lumen
1070 3571 1322 3660 recuperavis-

267 3721 309 3777 se,
331 3699 393 3791 (3).
421 3699 463 3767 Id
492 3704 644 3769 testatur
670 3721 819 3789 quoque
844 3698 1040 3790 Gregorius
1063 3698 1319 3793 Turonensis:

300 4022 335 4088 (l)
352 4022 430 4071 Distat
445 4021 554 4084 quinque
569 4025 594 4070 31
608 4021 696 4086 viginti
709 4021 831 4071 millibus·

300 4099 333 4164 (2)
351 4100 419 4148 llunc
430 4098 579 4162 opinionem,
596 4114 640 4161 per
652 4099 744 4148 litteras
758 4099 789 4147 ad
804 4112 843 4147 me
858 4096 969 4159 scriptas,
985 4097 1023 4146 vir
1037 4095 1191 4146 doctissimus
1206 4097 1232 4145 P.
1245 4097 1325 4146 Delat·

269 4178 306 4222 tre
320 4187 397 4235 nuper
409 4173 581 4222 corroboravit.

302 4248 338 4314 (a)
355 4248 418 4297 vict.
437 4248 502 4308 vn,
519 4249 548 4310 11,
564 4249 644 4298 n-n.

1146 4369 1165 4428 5
