3142 5084
675 937 828 1006 CAPUT
850 938 881 1005 ΙΙ

564 1151 602 1195 ΒΕ
616 1151 780 1195 8ΕΗΜοΝ18
795 1151 1000 1198 duumuirum

300 1375 522 1465 Magnopere
531 1376 657 1445 Victor
674 1377 796 1445 studet
814 1380 1083 1449 vocabulorum
1096 1378 1311 1448 redundan-

256 1503 316 1570 tiae
332 1504 466 1592 quibus
486 1506 600 1572 utitur
619 1527 718 1595 saepe
733 1512 772 1574 ut
788 1513 983 1575 sonantem
999 1509 1105 1576 illum
1120 1514 1309 1577 oratorum

257 1650 454 1699 numerum
476 1637 717 1721 assequatur:

577 1819 641 1907 §l
660 1860 703 1868 —
722 1841 769 1887 oe
793 1840 990 1890 smoururs
1041 1837 1044 1840 ·

299 1981 485 2070 lmprimis
494 1987 579 2049 sunt
589 1983 815 2050 recensenda
827 2006 1034 2073 synonyma
1046 2007 1128 2073 quae
1140 1986 1311 2053 omnium

256 2111 416 2177 maxime
426 2108 502 2176 Afri
514 2111 721 2178 cumulasse
732 2110 915 2179 videntur.
932 2109 1019 2180 Haec
1027 2111 1212 2179 Arnobius
1225 2133 1310 2180 cum

256 2235 410 2305 libidine
431 2239 659 2306 coacervavit
680 2239 781 2306 nulla
798 2240 1060 2326 conjunctione
1076 2241 1230 2328 juncta:

356 2360 521 2441 Inficitur,
547 2362 722 2445 ingreditus,
749 2361 958 2440 immortalia,
982 2367 1156 2445 perpetuus
1178 2363 1217 2442 (Ι,
1243 2365 1296 2440 30)

309 2452 487 2533 Nescienlc,
513 2455 641 2537 iqrmro,
667 2461 771 2536 atquc
796 2454 898 2516 inscio
913 2455 967 2533 (ΙΙ,
984 2456 1047 2530 54).
1126 2454 1233 2531 Senes,
1252 2475 1308 2517 ca-

259 2566 330 2626 nor,
358 2546 534 2630 decrepitos
557 2548 612 2628 (ΙΙ,
640 2551 700 2627 13).
795 2548 884 2611 Talis
906 2554 1010 2631 atque
1035 2548 1229 2631 hujusmodi
1255 2549 1309 2628 (ΙΙ,

255 2641 319 2718 45).
393 2641 600 2725 Amplexori,
618 2662 741 2720 umore,
760 2643 917 2724 suspicere
931 2642 969 2721 (Ι,
986 2645 1049 2720 25).
1180 2713 1183 2719 ¹

300 2759 432 2828 Fateor
449 2761 774 2833 Victorem-minus
789 2760 999 2829 istiusmodi
1015 2784 1310 2852 synonymorum

257 2886 526 2954 coacervationi
557 2884 766 2971 indulsisse,
798 2892 837 2954 ut
866 2887 1105 2974 sequentihus
1135 2888 1312 2976 exemplis

258 3012 521 3099 comprobatur
544 3034 550 3079 :

298 3138 458 3221 Moqnum
481 3144 514 3201 et
538 3138 716 3221 spetiosum
743 3139 781 3218 (Ι,
808 3142 857 3216 1),
942 3139 1083 3221 exiquus
1106 3146 1139 3204 et
1162 3140 1314 3222 infirmus

258 3229 296 3309 (Ι,
322 3232 375 3307 Ι),
469 3229 664 3292 uenerabilis
687 3235 720 3292 et
742 3230 937 3293 reuerendus
961 3231 1015 3309 (ΙΙ,
1044 3231 1096 3308 6);
1178 3232 1312 3294 celebris

258 3326 360 3406 atque
379 3321 557 3403 manifesta
581 3321 634 3400 (ΙΙ,
653 3323 707 3398 8);
790 3321 936 3404 prudeus
962 3327 994 3383 ct
1018 3321 1148 3404 sopiens
1162 3323 1216 3401 (ll,
1235 3325 1285 3400 12)
1305 3346 1312 3400 ;

310 3412 440 3475 nudum
464 3418 568 3494 atque
592 3413 782 3476 destitutum
804 3414 858 3493 (ΙΙ,
877 3414 948 3491 14),
1020 3433 1183 3476 annosum
1210 3420 1313 3496 atque

259 3497 447 3570 octerdrrum
472 3507 527 3587 (ΙΙ,
554 3510 622 3584 15);
714 3507 835 3569 otiosus
865 3513 969 3590 atque
997 3527 1128 3570 securus
1158 3508 1213 3588 (ΙΙ,
1238 3510 1312 3586 17);

309 3621 371 3683 per
386 3601 471 3664 duro
485 3607 588 3684 atque
603 3621 718 3684 aspero
740 3600 897 3684 lapidum
923 3601 998 3664 loca
1013 3602 1068 3682 (ΙΙ,
1082 3603 1151 3680 36),
1221 3622 1313 3665 rccu-

258 3695 406 3851 sfirlrtiggs
425 3700 457 3757 et
471 3695 658 3759 nolentibus
678 3694 748 3774 (ΙΙΙ,
769 3697 838 3774 44);
910 3714 1007 3757 urens
1022 3699 1055 3757 et
1070 3694 1185 3778 iqueus
1210 3696 1313 3759 flatus

257 3792 269 3865 (
320 3837 328 3868 ‚
384 3792 407 3866 >-

304 3904 412 3973 Hunc
436 3926 731 3994 synonymorum
754 3926 863 3971 usum
886 3903 985 3992 apud
1006 3905 1171 3973 rhetores
1191 3906 1230 3972 in
1246 3906 1314 3973 ho-

260 4051 351 4098 nore
371 4032 484 4100 fuisse
504 4036 645 4099 certum
667 4036 730 4099 cst.
767 4031 852 4099 Non
873 4031 973 4098 enim
1002 4029 1171 4098 dissimili
1201 4030 1315 4099 modo

258 4155 404 4226 locutus
419 4163 473 4226 est
488 4157 633 4226 Tacitus
656 4159 719 4246 qui
740 4158 957 4247 synonymis
978 4165 1030 4225 est
1050 4158 1198 4242 abusus,
1221 4179 1315 4246 prae-

259 4285 386 4354 sertim
410 4307 507 4371 cum,
530 4290 696 4355 recenter
715 4307 734 4354 e
754 4285 945 4354 rhetorum
971 4286 1105 4353 scholis
1136 4304 1312 4374 egressus,

1144 4425 1181 4486 12
