3142 5084
761 426 921 489 ,53-

313 597 566 668 Vandalorum
581 598 620 664 in
634 595 794 664 Africam
814 595 1017 683 irruptione
1037 593 1279 663 tradiderunt.
1297 595 1366 664 Hic

313 726 422 794 refert
444 723 683 793 Gensericum
705 722 878 790 exercitui
899 742 965 789 suo
989 721 1196 810 praefecisse
1219 721 1263 789 80
1287 723 1366 790 chi-

312 853 469 921 liarchas
484 857 524 920 ut
537 852 662 938 80‚000
672 851 836 918 virorum
852 855 1080 917 armatorum
1096 850 1258 938 speciem
1272 871 1366 939 prae·

313 978 426 1062 beret,
445 997 529 1044 cum
553 976 613 1044 vix
632 974 757 1060 50,000
776 974 936 1041 militum
965 973 1117 1042 haberet
1142 973 1205 1065 (1).
1223 973 1365 1043 Eadem

312 1105 387 1173 fere
408 1104 552 1192 scripsit
566 1102 701 1187 Victor,
719 1102 905 1191 verbaque
921 1102 1056 1190 quibus
1070 1100 1201 1170 Africae
1217 1102 1366 1171 calami-

313 1236 420 1316 tates,
453 1230 625 1318 ingressis
656 1227 852 1311 Vandalis,
891 1226 1074 1316 deplorat,
1118 1233 1366 1297 consentanea

313 1363 397 1426 sunt
424 1378 509 1425 cum
533 1356 577 1423 iis
604 1356 738 1444 quibus
761 1356 817 1423 usi
842 1359 927 1422 sunt
951 1354 1003 1421 illi
1031 1355 1095 1444 qui
1117 1360 1228 1424 tantae
1250 1355 1365 1425 cladis

312 1489 421 1553 testes
439 1484 599 1551 fuerunt.

356 1609 542 1699 Imprimis
563 1607 708 1676 citanda
729 1613 813 1676 sunt
832 1606 1024 1696 Augustini
1043 1609 1156 1676 verba
1176 1609 1251 1698 qui,
1274 1608 1365 1678 dum

312 1736 506 1806 obsidione
520 1737 757 1826 premebatur
776 1736 898 1824 Hippo
918 1735 1063 1824 Regius,
1080 1736 1160 1824 jam
1176 1742 1366 1825 comperta

312 1866 472 1933 habebat
490 1865 588 1932 mala
604 1864 738 1961 quibus
757 1863 833 1930 Afri
854 1864 1249 1932 circumveniebantur.
1269 1863 1365 1934 Nam

312 1991 351 2057 in
378 2010 548 2058 sermone
569 1989 632 2077 qui
663 1988 708 2056 de
734 1994 901 2077 tempore
928 1989 1122 2057 barbarico
1152 1989 1297 2075 dieitur,
1326 1991 1365 2058 in

312 2117 413 2184 hunc
441 2115 597 2182 modum
627 2115 876 2204 querebatur:
905 2138 922 2182 «
956 2115 997 2182 In
1028 2116 1109 2204 ipso
1138 2117 1211 2184 fine
1240 2138 1366 2185 rerum

312 2244 431 2333 posita
457 2248 511 2310 est
535 2243 706 2310 universa
730 2244 937 2333 provincia,
965 2248 1000 2311 et
1026 2244 1192 2333 quotidie
1218 2246 1366 2335 sanguis

312 2369 509 2437 hominum
528 2368 694 2436 funditur
713 2369 751 2436 in
771 2369 924 2437 mundo.
949 2393 965 2435 n
988 2369 1033 2437 Et
1051 2372 1090 2437 in
1106 2371 1178 2439 alio
1199 2370 1366 2460 ejusdem

312 2493 493 2561 sermonis
504 2493 586 2561 loco
606 2516 612 2560 :
632 2516 648 2559 t<
660 2485 890 2562 Mortuorum
902 2494 1110 2579 hominum,
1122 2495 1367 2584 inquit,sepe-

311 2619 445 2687 lieudis
464 2621 682 2709 corporibus
701 2621 761 2688 vix
777 2621 829 2688 illi
850 2621 913 2709 qui
934 2610 1125 2689 remanere
1145 2621 1367 2689 videbantur

312 2753 561 2814 occurrerunt.
586 2770 602 2813 »
623 2746 726 2814 Adeo
741 2748 917 2815 inauditae
933 2755 1037 2816 erant
1051 2749 1124 2816 illae
1140 2749 1365 2817 calamitates

312 2877 351 2938 ut
371 2893 501 2939 omnes
526 2873 714 2940 christiani
741 2875 800 2942 vix
830 2874 946 2941 oculis
972 2874 1139 2959 fidentes,
1171 2897 1209 2943 se
1236 2896 1257 2942 a
1285 2875 1365 2942 Deo

311 2999 403 3065 irato
423 3000 564 3086 percuti
585 2999 786 3068 crederent.
814 3023 830 3066 r<
852 3000 1059 3069 Perfectum
1081 3007 1134 3068 est
1154 3001 1225 3069 hoc
1244 3001 1366 3091 flagel-

311 3126 401 3210 lum,
414 3125 559 3194 dicebat
570 3128 763 3216 episcopus
780 3128 1033 3216 hipponensis,
1049 3150 1092 3195 ex
1106 3129 1364 3217 improborum

309 3255 480 3343 peccatis.
505 3277 521 3320 »
544 3254 685 3338 Quibus
704 3256 825 3323 verbis
845 3254 1032 3323 Possidius
1054 3256 1272 3323 calamensis
1292 3257 1364 3324 hoc

311 3381 424 3450 modo
443 3381 695 3451 Vandalorum
716 3386 878 3450 atrocem
898 3383 991 3449 iram
1005 3382 1219 3471 depingens,
1238 3384 1365 3451 suffra-

311 3511 463 3599 gabatur
481 3534 524 3578 :c
551 3510 684 3578 Divina
712 3510 901 3579 voluntate
928 3516 962 3576 et
988 3515 1167 3598 potestate
1194 3511 1365 3598 provenit

311 3643 351 3705 ut
369 3637 525 3706 Vandali
546 3639 584 3703 in
603 3636 764 3706 Africam
784 3639 984 3705 irruissent.
1004 3637 1181 3706 Universa
1196 3660 1264 3727 per
1282 3639 1363 3705 loca

311 3764 615 3832 Mauritaniarum
649 3765 759 3831 etiam
797 3764 844 3832 ad
880 3765 969 3832 alias
1004 3769 1148 3832 nostras
1181 3765 1363 3831 transiens

310 3886 456 3976 (hostis)
475 3888 684 3975 provincias
709 3893 744 3956 et
768 3890 946 3978 regiones,
974 3891 1077 3957 omni
1104 3891 1259 3957 saeviens
1284 3911 1364 3959 cru-

311 4015 459 4083 delitate
470 4021 504 4083 et
515 4017 716 4103 atrocitate,
732 4024 863 4086 cuncta
877 4040 960 4107 quae
970 4019 1091 4107 potuit
1102 4019 1361 4107 expoliatione,

312 4143 474 4212 caedibus
506 4143 732 4235 diversisque
761 4146 966 4231 tormentis,
992 4144 1174 4213 incendiis
1209 4145 1363 4237 aliisque

342 4380 376 4447 (1)
394 4381 525 4444 Procopius
540 4396 545 4430 :
559 4383 577 4443 1,
592 4381 615 4430 5.
