3142 5084
650 397 811 458 ..13-

202 562 369 632 libellum
385 563 424 632 in
445 562 536 632 duas
556 569 678 654 partes
699 564 817 634 divisi.
835 565 877 632 In
892 565 1028 653 priore,
1051 585 1134 654 quae
1159 564 1256 632 mala

204 689 359 759 Vandali
388 691 519 761 Africae
544 692 753 762 christianis
784 692 986 777 intulerint,
1018 692 1137 780 qualis
1165 690 1257 759 fides

201 812 340 887 Victori
369 819 431 887 illa
458 821 623 887 narranti
653 818 864 888 adhibenda
894 821 950 903 sin
985 839 1097 908 quam
1125 838 1258 906 parum
1341 806 1344 816 ’

202 944 365 1014 historiae
381 945 586 1015 scribendae
601 947 735 1037 regulis
749 947 859 1014 fuerit
874 950 1045 1030 attentus,
1064 943 1258 1013 ostendere

204 1073 296 1141 mihi
310 1076 500 1164 proposui.
513 1075 556 1141 ln
566 1077 780 1164 posteriore,
790 1097 873 1164 quae
885 1073 932 1142 ad
944 1074 1163 1143 latinitatem
1178 1093 1259 1161 per-

203 1201 321 1269 tinent
335 1202 444 1270 latius
456 1201 645 1291 explicavi,
655 1204 754 1292 quia,
768 1208 808 1269 ut
818 1201 975 1272 Victoris
987 1202 1069 1292 styli
1086 1206 1183 1271 certa
1195 1223 1259 1268 no-

136 1321 140 1325 ’
203 1329 281 1397 titia
301 1329 416 1412 fieret,
439 1329 556 1398 multa
576 1351 620 1398 ex
631 1330 709 1418 ejus
723 1334 757 1397 et
772 1330 932 1397 aliorum
947 1334 1141 1397 auctorum
1156 1328 1259 1396 libris

204 1455 372 1543 exempla
393 1454 623 1544 excerpenda
653 1462 687 1523 et
718 1454 932 1524 annotanda
962 1461 1076 1524 erant.
1101 1452 1210 1537 Quod
1229 1454 1259 1521 si

205 1581 358 1671 quidam
370 1583 534 1670 priorem
543 1582 653 1670 hujus
663 1583 748 1650 libri
760 1587 903 1671 partem
907 1584 1089 1671 jejunam,
1107 1583 1260 1651 alteram

204 1714 328 1777 autem
360 1710 538 1777 fusiorem
574 1708 721 1795 ducent,
755 1714 955 1799 agnoscant
989 1710 1102 1778 velim
1137 1710 1260 1776 minus

204 1836 295 1924 quid
313 1838 439 1906 Victor
458 1838 556 1906 dicat
564 1859 677 1927 quam
688 1861 762 1928 quo
779 1837 892 1906 modo
903 1837 942 1906 id
953 1837 1050 1906 dicat
1069 1839 1257 1907 interesse.

246 1964 288 2032 In
307 1965 430 2054 priore
450 1970 566 2054 parte,
588 1970 628 2033 ut
648 1967 781 2033 certius
801 1965 847 2033 de
866 1965 1023 2036 Victoris
1044 1967 1259 2033 auctoritate

204 2111 362 2183 agerem,
397 2099 611 2184 argumenta
641 2116 685 2163 ex
718 2095 838 2183 quinti
867 2094 993 2163 saeculi
1022 2093 1260 2161 historiarum

205 2218 445 2307 scriptoribus
456 2219 562 2287 hausi
574 2241 582 2306 3
595 2220 634 2287 in
644 2221 860 2308 posteriore,
874 2225 1042 2289 auctores
1055 2241 1141 2289 cum
1151 2221 1260 2287 bonae

179 2407 183 2410 .
205 2352 284 2414 tum
298 2347 412 2436 lapsae
427 2347 616 2416 latinitatis
632 2349 751 2434 citavi,
771 2349 847 2437 qui,
863 2349 902 2416 in
916 2346 1140 2438 quibusdam
1154 2348 1258 2432 lociS,

205 2472 337 2542 eodem
366 2474 442 2543 fere
471 2497 545 2566 quo
577 2475 701 2544 Victor
730 2474 878 2543 dicendi
907 2494 1039 2564 genere
1075 2474 1133 2542 usi
1161 2479 1258 2559 sunt,

204 2622 365 2690 quornm
382 2604 547 2688 nomina,
572 2624 657 2672 cum
677 2604 861 2693 permulta
881 2605 965 2688 sint,
990 2603 1051 2670 hic
1070 2623 1261 2670 recensere

205 2726 521 2818 supervacaneum
541 2732 633 2799 mihi
652 2733 775 2800 visum
795 2740 859 2800 est.

250 2856 432 2948 Denique,
460 2859 620 2927 multum
642 2860 735 2928 mihi
761 2861 933 2949 profuere
960 2859 1261 2928 doctissimorum

206 2989 342 3053 nostrae
368 2987 484 3053 aetatis
516 2989 842 3076 grammaticorum
874 2987 976 3071 libri,
1012 2992 1047 3055 et
1074 2986 1258 3075 imprimis

204 3110 311 3178 Ferd.
344 3111 494 3180 Antonii
526 3115 564 3181 in
593 3114 836 3184 Universitate
863 3115 1033 3182 tolosana
1062 3114 1260 3181 latinarum

205 3236 410 3308 litterarum
424 3241 655 3328 professoris,
672 3243 732 3311 cui
744 3264 804 3310 me
820 3242 978 3310 multum
995 3240 1130 3310 debere
1145 3240 1261 3308 liben-

206 3364 347 3434 tissime
366 3367 553 3457 profiteor.
