3142 5084
666 407 847 470 „138-

269 574 438 645 Habere:
457 574 495 665 n)
514 596 600 644 cum
619 576 814 666 participio
828 577 1002 666 passivo:

267 701 378 765 Linitu
393 701 548 768 habentes
563 700 769 766 vestimenta
783 702 838 782 (II,
854 704 917 781 33).
944 703 1043 768 Unde
1062 703 1177 787 gallic.
1198 705 1285 786 (sre-

227 800 385 879 quenter)
403 822 409 858 :
430 800 535 877 ayunt
550 796 635 858 leurs
650 795 760 858 habits
777 797 896 862 tuclrts.

270 915 375 984 Hanc
393 916 593 984 verborum
608 916 921 985 constructionem
937 917 1140 1009 saepissime
1154 919 1285 989 videre

227 1045 280 1109 est
299 1041 399 1130 apud
419 1040 685 1110 ecclesiasticos
705 1040 913 1130 scriptores.
978 1079 984 1084 -

272 1166 308 1258 b)
327 1195 370 1227 =
388 1188 424 1236 se
442 1165 604 1236 babere:

265 1297 452 1361 Sciscitans
465 1295 613 1378 qualiter
628 1294 815 1380 quisquam
827 1295 1005 1376 liaberetd,
1020 1296 1084 1372 26).
1148 1296 1288 1360 Habens

225 1391 262 1454 in
278 1391 479 1473 episcopatu
502 1390 606 1452 XLIII
630 1409 742 1454 annos
767 1389 821 1468 (ΙΙ,
847 1391 910 1466 26).
927 1389 977 1454 cf.
996 1390 1148 1473 Vulgat,
1164 1391 1284 1472 Joan.,

225 1487 291 1564 v,5
309 1508 315 1547 :
332 1483 488 1565 Triginta
504 1502 615 1546 annos
629 1483 753 1546 babens
766 1482 802 1544 in
818 1481 1021 1546 infirmitate
1037 1502 1111 1546 sua.

208 1605 209 1608 ’
269 1601 378 1691 Apud
394 1607 561 1669 auctores
576 1602 704 1690 probae
719 1602 909 1669 latinitatis
924 1601 1159 1671 hocverbum
1169 1601 1284 1671 bobe-

225 1751 263 1798 re
291 1735 332 1798 ut
358 1729 542 1813 neutrale,
575 1730 614 1796 in
640 1729 891 1796 locutionibus
919 1728 1021 1814 bene,
1056 1731 1150 1799 male
1172 1730 1284 1800 babet

225 1858 482 1942 adhibebatur,
499 1857 631 1946 quoda
647 1857 798 1924 comicis
814 1857 962 1925 initium
978 1859 1135 1947 sumpsit
1143 1857 1281 1947 (Plaut.
1337 1849 1341 1853 ’

225 1985 307 2053 Aul.
334 1987 367 2070 2,
396 1985 601 2070 8,2;Mil.
625 1983 739 2069 Glor.,
762 1985 1070 2071 3‚1,130;Ter.
1093 1985 1281 2056 Phorm.:
1350 1999 1353 2002 ’

224 2113 258 2196 2,
284 2112 316 2196 3,
338 2111 408 2200 82),
431 2118 540 2200 atque
561 2113 600 2180 in
618 2112 759 2201 vulgari
780 2133 953 2182 sermone
973 2120 1193 2204 usurpatum
1213 2120 1282 2185 est.

225 2241 398 2310 Attamen
426 2239 640 2329 aliquando,
667 2240 809 2308 Tullius
835 2242 914 2329 ipse
942 2241 1076 2312 babere
1099 2249 1140 2313 ut
1163 2230 1284 2315 ualere

225 2389 313 2436 usus
334 2367 441 2435 estin
457 2366 621 2456 epistolis
641 2366 688 2434 ad
708 2367 909 2435 familiares
932 2391 938 2435 z
1041 2385 1044 2389 ’

266 2515 282 2556 e
303 2493 419 2558 Tullia
434 2498 552 2556 nostra
568 2498 658 2555 recte
673 2493 765 2556 valet
783 2515 788 2554 :
805 2493 966 2558 Terentia
986 2495 1103 2560 minus
1117 2496 1207 2562 belle
1221 2497 1283 2562 bu-

225 2587 325 2651 buit»
341 2588 479 2665 (Famil.
493 2589 523 2666 9,
540 2588 603 2663 91).
621 2587 664 2649 At
678 2591 798 2649 contra
811 2585 848 2649 in
864 2588 1019 2653 oratione
1035 2591 1136 2668 (Mur.
1152 2592 1183 2672 6,
1201 2594 1254 2670 14)
1273 2617 1279 2657 :

224 2682 312 2744 Bene
325 2681 423 2744 babet
438 2704 447 2744 .·
460 2681 553 2762 jacta
569 2684 651 2742 sunt
665 2679 903 2744 fundamenta.
930 2681 979 2746 Cf.
1007 2684 1140 2766 Horat„
1164 2685 1234 2753 Sat.
1254 2688 1280 2770 Ι,

223 2776 254 2854 9,
270 2776 319 2838 53.
392 2773 511 2857 Atqui,
527 2773 573 2836 sic
587 2773 694 2836 babet.

268 2893 401 2960 Nocere
414 2892 516 2981 (curn
536 2890 753 2981 accusat)...

266 3020 478 3175 ...Iqurum
493 3020 648 3083 feritas...
666 3021 798 3084 nullum
814 3040 993 3088 servorum
1012 3024 1159 3089 nocuisse
1173 3024 1280 3090 doce·

223 3117 303 3190 tur(
337 3161 346 3191 ,
403 3116 425 3189 ).

268 3231 480 3301 Promittere
499 3231 600 3322 (cum
620 3237 779 3299 accusat.
802 3233 1011 3324 gerundivi)
1034 3259 1040 3304 :

262 3355 460 3418 Promittens
475 3354 596 3417 multis
611 3374 691 3418 eum
708 3354 841 3419 divitiis
857 3358 1098 3422 cumulandum
1115 3358 1153 3440 (I,
1171 3362 1235 3439 47).

260 3473 385 3542 Potin·
401 3474 503 3563 (cum
520 3472 744 3563 accusativo)
762 3498 769 3542 :

313 3600 432 3682 Neque
452 3618 615 3680 annonas,
633 3618 745 3682 neque
767 3600 931 3683 stipendia
942 3603 1126 3684 potirentur
1141 3606 1195 3687 (II,
1214 3609 1277 3686 10).

224 3725 259 3738 -
278 3690 327 3753 Ita
338 3691 604 3754 construebatur
618 3692 685 3754 hoc
699 3692 846 3756 verbum
858 3693 982 3777 primis
996 3695 1191 3761 litterarum
1202 3698 1279 3762 lati-

223 3799 350 3843 narum
370 3781 610 3864 temporibus:
633 3782 760 3846 Pacuv.
783 3784 861 3862 Art,
887 3786 927 3847 30
951 3807 957 3847 :
981 3787 1081 3868 potiri
1099 3791 1279 3869 sceptrum,·

223 3874 334 3938 Plaut.
348 3874 478 3957 (Amph.
491 3877 523 3952 2)
535 3899 540 3937 :
555 3879 742 3958 poterentur
752 3878 887 3941 domurn
899 3901 908 3953 ;
922 3880 998 3942 Ter.
1013 3879 1165 3963 (Adelph.
1177 3881 1252 3958 495)
1269 3905 1275 3946 :

219 3968 344 4050 potitur
358 3968 542 4031 commoda.
614 3971 714 4033 Auct.
738 3970 823 4034 belli
845 3972 1094 4055 hispaniensis,
1112 3976 1161 4054 13,
1178 3974 1287 4057 potiri

223 4081 391 4125 summum
408 4061 593 4144 imperium.

267 4182 389 4251 Petere
408 4182 509 4271 (cum
529 4183 729 4274 infinitivo)
747 4208 753 4253 ;

264 4307 385 4371 Petiuit
399 4326 471 4372 sese
486 4306 614 4394 deponi
629 4309 699 4390 (ΙΙΙ,
716 4312 779 4388 28).
