3142 5084
772 400 932 463 ..23-

327 592 476 641 cernere
491 576 568 639 erat
584 593 601 638 ι(
617 571 715 639 nudo
729 568 794 638 sub
815 590 895 637 uere
912 592 942 654 ιι,
965 574 1005 637 ut
1019 570 1069 637 ait
1083 569 1219 654 Victor,
1238 571 1379 638 circum

327 701 575 769 urbismuros
600 699 780 789 palantes
808 698 950 766 nullam
977 697 1024 766 ad
1050 698 1219 788 proprias
1246 697 1379 768 domos

326 827 507 898 redeundi
521 831 741 918 potestatem
752 828 942 911 habentes
961 847 1053 916 quas
1066 826 1232 916 alioquin
1249 827 1380 895 sentie-

326 959 416 1026 bant
441 956 598 1025 Arianos
624 977 710 1024 eum
746 955 908 1024 ecclesiis
933 956 1002 1024 sibi
1036 954 1255 1023 vindicasse.
1296 953 1379 1038 Quo

326 1087 435 1176 igitur
454 1083 661 1174 confugere,
682 1085 877 1172 cujusnam
892 1083 1072 1151 auxilium
1086 1085 1259 1152 invocare
1278 1087 1381 1173 pote-

327 1212 440 1280 rant‘l
470 1210 718 1279 Tentaverunt
744 1210 910 1278 dolentes
937 1209 1126 1279 crudelem
1151 1209 1380 1279 Hunericum

327 1338 375 1407 ad
389 1336 683 1406 misericordiam
698 1338 908 1427 impellere;
930 1337 1064 1427 repulit
1079 1357 1143 1405 eos
1158 1336 1377 1421 Hunericus,

328 1465 492 1534 etsubito
507 1464 761 1532 immissorum
776 1465 816 1532 in
831 1486 894 1533 eos
908 1486 1090 1554 equorum
1101 1463 1259 1554 pedibus
1271 1464 1381 1553 jussit

327 1590 533 1682 proculcari
553 1590 615 1682 (1).

371 1718 515 1788 Eodem
533 1725 712 1810 tempore,
734 1740 811 1788 non
831 1719 952 1788 solum
971 1720 1007 1786 vi
1024 1719 1097 1789 sed
1122 1719 1233 1788 etiam
1251 1718 1381 1790 fraude

328 1847 522 1937 episcopos
549 1847 678 1937 petivit
705 1868 769 1915 rex
798 1846 1063 1915 Vandalorum.
1099 1845 1154 1914 Ab
1184 1846 1236 1913 eis
1265 1845 1378 1929 enim,

328 1995 413 2042 eum
444 1975 484 2041 in
507 1973 601 2042 AEde
625 1973 813 2042 Memoriae
839 1974 1056 2063 Carthagine
1082 1979 1203 2042 essent
1232 1993 1381 2064 congre-

328 2099 594 2189 gati,petivitut
598 2100 766 2186 jurarent
777 2120 815 2166 se
826 2099 941 2188 ipsius
951 2099 1190 2189 filiipartibus
1199 2100 1378 2187 fauturos,

328 2248 397 2295 nee
413 2227 586 2316 deinceps
601 2247 668 2315 per
683 2226 855 2316 epistolas
871 2248 957 2295 cum
973 2227 1049 2295 ullo
1061 2229 1254 2317 regionum
1265 2233 1382 2298 trans-

328 2351 557 2419 marinarum
571 2349 693 2417 incola
707 2351 1056 2419 communicaturos
1069 2351 1088 2418 J
1090 2356 1290 2419 uraverunt
1303 2352 1382 2440 qui-

329 2479 437 2566 dam,
467 2480 588 2547 caeteri
613 2500 652 2546 se
683 2477 782 2547 nolle
804 2479 930 2567 jurare
956 2478 1239 2568 responderunt.
1281 2478 1382 2562 Quos

329 2626 459 2672 omnes
478 2605 615 2694 pariter
629 2602 836 2671 Hunericus
851 2604 889 2670 in
906 2603 1094 2671 Corsicam
1114 2603 1274 2671 insulam
1293 2604 1385 2673 rele-

329 2732 404 2821 gari
423 2731 544 2819 jussit,
571 2730 663 2799 alios
688 2732 774 2819 quia
801 2736 928 2798 contra
952 2730 1129 2819 evangelii
1154 2737 1381 2820 praeceptum

324 2859 559 2947 juravissent,
582 2857 673 2924 alios
693 2857 780 2944 quia
800 2877 876 2922 non
900 2856 1108 2944 paruissent
1131 2857 1225 2946 regis
1248 2856 1381 2925 volun-

329 2989 405 3055 tati.

373 3115 461 3183 Post
475 3114 566 3198 haec,
577 3113 703 3183 Victor
717 3117 862 3180 enarrat
878 3133 961 3201 quae
976 3112 1045 3180 viri
1061 3117 1123 3180 aut
1138 3113 1286 3180 feminae
1302 3132 1383 3201 per-

328 3241 425 3330 pessi
452 3243 548 3309 sunt.
577 3239 762 3328 Imprimis
791 3237 1012 3306 indomitam
1039 3239 1175 3307 nobilis
1201 3239 1379 3322 mulieris,

330 3370 515 3460 Dyonisae,
550 3367 723 3435 virtutem
757 3371 1040 3449 commemorat,
1077 3388 1176 3455 quae,
1213 3368 1382 3455 quamvis

330 3493 430 3562 nuda
446 3497 530 3561 ante
546 3492 714 3560 omniurn
735 3490 862 3558 oculos
879 3496 1134 3580 exponeretur,
1154 3498 1188 3559 et
1208 3491 1382 3559 crudelis-

331 3623 423 3690 sime
437 3625 641 3704 vexaretur,
655 3625 814 3687 mortem
825 3618 944 3687 libens
959 3620 1148 3708 oppetivit.
1168 3620 1226 3688 Sic
1241 3622 1383 3709 periere
1457 3600 1461 3610 ’

331 3749 444 3818 altera
455 3747 805 3832 matrona,Victoria
814 3747 1219 3832 nomine,Viet0rianus
1228 3768 1384 3837 procon-

331 3875 387 3944 sul
408 3881 443 3943 et
462 3874 536 3942 duo
555 3873 684 3941 fratres
704 3872 819 3962 Aquae
839 3873 971 3962 Regiae.
993 3873 1034 3939 lu
1055 3872 1279 3961 quibusdam
1298 3873 1383 3940 civi-

330 4000 465 4068 tatibus
480 3998 611 4067 incolae
626 3999 766 4067 incitati
781 4004 820 4065 ut
835 3997 1057 4066 Arianorum
1072 3998 1212 4066 cultum
1225 3997 1384 4087 amplec-

363 4283 397 4346 (1)
416 4283 478 4332 uu.
497 4282 721 4342 vu.,1u,1su.
