3142 5084
766 397 928 460 ..46-

322 571 384 660 qui
401 591 477 637 non
490 569 607 636 multo
623 571 719 653 ante,
737 568 776 634 in
790 567 923 653 Africa,
941 587 1019 634 rem
1035 588 1229 635 romanam
1249 568 1287 635 in
1303 566 1374 636 dis·
1456 645 1457 648 Ἴ

322 698 462 766 crimen
477 695 718 765 adduxerant.
738 694 808 779 Qui
828 697 938 785 igitur
958 696 997 762 in
1015 695 1274 763 rebellantium
1292 716 1375 784 par-

320 824 419 891 tibus
452 827 638 908 steterant,
682 822 868 891 Genserici
897 827 1020 911 partes
1062 843 1211 912 quoque
1251 823 1375 890 statim

321 950 518 1040 amplexati
552 955 648 1035 sunt,
683 950 728 1016 iis
755 948 969 1017 blandiente
994 947 1162 1017 Vandalo
1190 953 1236 1033 et,
1265 948 1375 1016 insita

322 1077 532 1161 calliditate,
554 1078 682 1165 multa,
704 1098 799 1145 vana
815 1075 968 1167 quidem
988 1080 1023 1144 et
1037 1075 1140 1161 falsa,
1162 1075 1372 1166 pollicente.

321 1205 429 1289 Nam,
454 1225 539 1272 cum
560 1224 602 1272 ea
618 1225 701 1292 quae
717 1206 1015 1292 exspectaverant
1029 1201 1147 1270 Mauri
1167 1223 1244 1270 non
1265 1202 1376 1270 habe·

320 1338 415 1417 rent,
442 1333 481 1399 in
501 1330 755 1400 Vandalorum
774 1331 878 1415 fines,
898 1335 1073 1419 regnante
1092 1330 1290 1414 Hunerico,
1322 1331 1376 1396 in-

324 1478 469 1527 currere
485 1462 692 1546 coeperunt,
715 1462 750 1525 et
769 1462 909 1546 postea,
930 1456 1030 1525 velut
1051 1456 1227 1524 incuriosi
1252 1449 1376 1525 rerum

324 1607 407 1675 quae
426 1586 466 1652 in
484 1583 605 1653 Africa
621 1585 833 1674 agebantur,
847 1585 1040 1674 prostratis
1060 1606 1081 1652 a
1100 1584 1277 1652 Belisario
1297 1584 1377 1652 illo·

323 1733 408 1779 rum
427 1712 543 1801 copiis
563 1711 709 1779 nullum
728 1711 907 1779 auxilium
926 1711 1101 1779 tulerunt.

369 1837 538 1926 Denique
553 1836 730 1906 Vandalis
744 1838 877 1904 favisse
890 1843 1031 1905 certum
1047 1841 1100 1905 est
1114 1837 1288 1906 Afrorum
1302 1836 1377 1926 ple-

324 1964 495 2033 beculam
515 1987 599 2054 quae
619 1987 692 2033 aere
716 1965 838 2032 alieno
864 1971 898 2033 et
921 1964 1160 2055 vectigalibus
1187 1984 1374 2054 oppressa,

325 2093 431 2160 novis
451 2093 560 2160 rebus
580 2114 727 2181 semper
747 2092 927 2160 studebat.
950 2093 1068 2161 Fuere
1088 2093 1201 2176 enim,
1219 2092 1268 2159 ait
1289 2089 1379 2159 Oro-

326 2220 413 2302 sius,
440 2218 486 2286 de
512 2218 686 2308 Hispanis
710 2220 866 2304 locutuS,
896 2242 912 2286 r(
939 2218 1092 2309 quidam
1113 2217 1282 2302 Romani,
1315 2217 1379 2307 qui

326 2347 464 2415 malent
485 2349 581 2415 inter
607 2347 789 2416 barbaros
811 2369 1014 2438 pauperem
1034 2349 1241 2417 libertatem
1266 2366 1380 2435 quam

326 2477 556 2545 tributariam
581 2477 676 2544 inter
698 2477 886 2544 Romanos
910 2475 1199 2544 sollicitudinem
1223 2476 1380 2544 sustine-

326 2624 365 2671 re
380 2601 431 2694 (1)
452 2627 482 2670 a.
516 2602 652 2694 Ecquis
676 2625 752 2671 non
779 2605 829 2670 ita
855 2604 1021 2672 locutum
1049 2604 1161 2672 fuisse
1181 2601 1381 2671 contendat

328 2728 513 2816 Orosium,
538 2732 568 2798 si
591 2730 636 2798 de
664 2731 836 2800 Afrorum
856 2732 964 2821 plebe
989 2730 1151 2816 dixisset,
1174 2752 1257 2819 quae
1282 2751 1380 2819 saepe

327 2855 502 2924 adversus
531 2879 761 2946 possessores
787 2878 963 2925 romanos
987 2859 1188 2925 maximam
1209 2876 1381 2946 agrorum

327 2989 470 3072 partem
481 2983 550 3050 sibi
566 2988 788 3072 arrogantes,
803 2983 842 3050 in
853 3003 967 3068 arma,
984 2983 1312 3051 circoncellionum
1326 2982 1381 3049 fu-

327 3111 473 3180 roribus
493 3110 690 3197 stimulata,
713 3111 860 3179 coierat.
1273 3093 1275 3097 ¹

371 3236 520 3321 Verum,
543 3258 629 3304 cum
648 3241 701 3305 tot
722 3241 842 3304 essent
857 3237 895 3302 in
914 3235 1036 3304 Africa
1053 3237 1116 3325 qui
1132 3235 1382 3304 Barbarorum

328 3385 386 3432 res
401 3363 629 3453 adjuvarent,
648 3385 800 3431 omnem
815 3386 901 3431 cum
917 3364 968 3431 eis
984 3364 1196 3431 societatem
1213 3361 1383 3452 repudia-

329 3494 418 3561 bant
446 3493 515 3561 viri
541 3511 673 3582 genere
700 3491 843 3560 nobiles
871 3498 905 3559 et
933 3492 1116 3577 catholici,
1146 3497 1180 3560 et
1205 3491 1383 3558 intereos

330 3620 490 3688 maxime
504 3619 666 3708 episcopi
683 3619 950 3708 etpresbyteri:
969 3618 1043 3704 alii,
1062 3619 1137 3686 sive
1147 3617 1294 3701 Christi,
1308 3617 1383 3683 sive

332 3718 488 3812 deorum
521 3744 635 3811 cultui
669 3743 806 3814 addicti
837 3750 952 3831 erant,
984 3745 1112 3812 Romae
1143 3744 1313 3833 imperio,
1345 3745 1385 3809 ut

332 3893 462 3941 omnes
491 3872 914 3964 civitatum‘optimates,
950 3872 1156 3943 fidelissimi
1188 3891 1385 3962 permane-

364 4179 398 4245 (1)
415 4181 484 4230 Paul.
505 4180 621 4230 Orosius:
639 4181 708 4232 llist.
721 4180 839 4232 diluemus
850 4182 973 4246 balanos,
988 4184 1036 4244 llll,
1049 4187 1075 4231 4.
1090 4208 1120 4218 -
1136 4183 1172 4232 cf.
1191 4183 1257 4244 lang
1273 4197 1278 4228 :
1294 4177 1386 4228 londa·

329 4257 432 4319 clmften
449 4258 490 4306 des
505 4257 652 4309 Romiscleea
665 4258 762 4308 reiches
777 4261 814 4321 (p.
835 4259 888 4318 182,
906 4259 969 4323 sep).
1311 4286 1315 4290 »
