3142 5084
697 395 859 458 „83-

255 568 360 633 aetate
371 562 560 631 dicebant:
575 562 773 653 contemplo
784 561 973 652 (Amphyt.
985 563 1142 654 2191313
1154 537 1309 633 331113111-

249 692 345 781 plor,
368 688 553 759 insectabit
571 688 728 779 (Captiv.
750 689 832 781 267)
850 712 918 780 pro
941 690 1183 777 insectabitur,
1205 713 1308 782 pers-

254 816 544 907 31111331(Α111111.
568 815 731 906 384)ρ13
749 822 994 907 perscrutatus
1012 838 1104 903 sum,
1127 822 1195 886 eto.
1226 816 1310 886 Alia

254 943 367 1012 verba
386 943 545 1010 formam
565 940 815 1031 deponentem
835 947 870 1010 et
890 942 1048 1011 activam
1068 943 1178 1012 simul
1193 943 1309 1013 habe-

253 1072 344 1141 bant
358 1076 398 1138 ut
410 1068 597 1138 lacrimari
608 1075 643 1138 et
653 1069 857 1155 lacrimare,
876 1071 1055 1140 consolari
1066 1078 1100 1140 et
1111 1072 1307 1158 consolare,

120 1204 122 1210 '
255 1219 413 1290 quarum
441 1197 544 1286 prior
562 1197 684 1264 solum
703 1197 804 1287 apud
832 1198 951 1266 bonos
976 1205 1144 1268 auctores
1167 1205 1312 1270 servata

256 1331 330 1411 est3
360 1325 431 1393 alia
451 1329 575 1393 autem
605 1323 696 1392 duas
725 1326 863 1393 formas
892 1326 1102 1396 habuerunt
1121 1332 1157 1396 et
1181 1332 1312 1417 postea

256 1452 498 1535 retinuerunt,
522 1454 561 1518 ut
581 1471 698 1519 mereo
716 1456 751 1519 et
764 1472 915 1521 3131331.
955 1480 957 1490 ·

303 1580 374 1649 Res
394 1579 444 1647 ita
465 1601 503 1647 se
530 1579 683 1648 haberet
710 1601 860 1649 necesse
880 1587 967 1650 erat.
992 1581 1172 1665 Quaedam
1192 1582 1313 1651 activa

255 1707 367 1776 verba
378 1726 464 1773 cum
477 1705 649 1775 eamdem
663 1726 776 1795 quam
791 1709 937 1796 passiva
946 1708 1106 1777 sormam
1117 1709 1310 1794 haberent,

256 1836 436 1928 imperitis
458 1835 596 1919 fucum,
618 1840 659 1902 ut
678 1836 727 1902 113
747 1834 881 1920 (1133111,
904 1837 1086 1905 faciebant
1104 1859 1111 1923 3
1134 1839 1198 1926 qui
1218 1837 1312 1906 scire

258 1963 408 2032 difficile
427 1967 599 2052 poterant
615 1983 680 2030 cur
700 1962 878 2031 consolari
898 1969 932 2031 et
952 1964 1148 2050 lacrimari,
1171 1964 1314 2054 potius-

263 2111 376 2182 quam
408 2091 591 2158 consolare
625 2094 660 2157 et
698 2091 890 2160 lacrimare
922 2090 1133 2160 adhibenda
1167 2097 1310 2178 essent,

257 2215 564 2307 quandoquidem
578 2213 682 2282 nullo
695 2214 871 2303 peculiari
883 2235 993 2284 sensu
1008 2215 1185 2305 pleraque
1199 2216 1313 2285 verba

259 2345 485 2437 deponentia
513 2344 695 2411 aeaeteris
721 2342 1049 2433 distinguebantur.
1076 2345 1214 2432 ltaque,
1246 2363 1313 2412 ne-

258 2472 374 2561 glecta
402 2471 473 2538 hac
498 2469 639 2538 difficili
670 2468 917 2554 distinctione,
949 2469 996 2537 ad
1031 2469 1314 2559 exprimendam

258 2599 474 2687 simpliciter
485 2598 706 2666 sententiam
722 2596 814 2665 duas
828 2602 972 2665 tantum
987 2598 1137 2682 formas,
1156 2597 1314 2666 33113331

259 2731 293 2795 31
304 2725 498 2816 passivum,
525 2724 625 2792 haud
646 2745 750 2792 secus
770 2745 813 2792 ac
833 2723 906 2792 duo
926 2724 1124 2792 nominum
1140 2725 1314 2793 substan-

258 2851 419 2918 tivorum
448 2869 581 2939 genera
610 2871 732 2917 sermo
752 2849 919 2938 plebeius
956 2847 1116 2916 admisit.
1147 2848 1313 2917 Litterati

260 2982 383 3045 autem
403 2977 575 3045 homines
600 2977 757 3044 scienter
774 2981 808 3044 et
827 2981 924 3044 recte
945 2975 1217 3064 deponentibus
1234 2997 1316 3044 ver·

258 3105 316 3173 bis
336 3105 533 3174 utebantur
553 3125 636 3193 quae
656 3104 818 3192 imperiti
837 3104 1072 3192 rejiciebant,
1091 3126 1135 3171 ex
1146 3125 1221 3192 quo
1237 3124 1314 3171 cer-

259 3233 410 3319 tamine,
433 3231 533 3322 quod
548 3233 628 3320 jam
643 3231 763 3299 Plauti
783 3231 1012 3320 temporibus
1032 3231 1154 3315 fiebat,
1178 3252 1313 3299 evene-

259 3366 346 3430 runt
369 3360 534 3450 duplices
558 3357 807 3450 quorumdam
834 3358 1034 3426 verborum
1066 3359 1196 3426 formae
1229 3379 1315 3447 quae

259 3495 387 3578 postea
399 3492 694 3577 permanserunt,
713 3493 753 3554 ut
764 3485 927 3577 sabricor
942 3491 976 3555 et
988 3484 1142 3575 fabrico,
1157 3487 1316 3576 fluctuor

261 3620 296 3682 et
309 3615 456 3704 fluctuO,
470 3611 622 3680 comitor
632 3616 666 3679 et
682 3611 823 3697 comito,
838 3617 904 3679 ete.
923 3609 1013 3678 Inde
1024 3631 1173 3700 quoque
1191 3611 1315 3679 evenit

261 3746 300 3807 ut
309 3739 519 3827 aliquorum
530 3737 1003 3826 deponentiumverborum
1015 3738 1209 3827 participia
1221 3758 1315 3827 prae·

261 3867 379 3951 teriia,
396 3866 585 3953 passivum
605 3885 754 3932 sensum
774 3865 964 3948 haberent,
990 3864 1048 3932 vel
1068 3862 1169 3953 apud
1192 3885 1315 3932 aureae

261 3994 450 4062 latinitatis
470 3993 666 4082 scriptores
689 4016 696 4061 :
719 3993 848 4083 adeptu
868 3993 1035 4061 libertate
1054 3992 1231 4083 (Sallust,
1249 3993 1315 4063 Cu-

263 4122 328 4207 111,
352 4121 400 4210 1);
423 4120 599 4209 Bellaque
621 4121 800 4188 matribus
821 4121 991 4188 1131331313
1011 4119 1152 4209 (Horat.
1173 4120 1312 4206 Curm,

262 4248 288 4332 Ι,
312 4249 343 4332 1,
361 4247 430 4336 25).
455 4247 582 4320 Cicero
608 4248 685 4335 ipse
711 4246 829 4314 dixit:
849 4248 1063 4336 populatam
1083 4245 1314 4338 provinciam
