3142 5084
708 419 869 482 ..84-

263 585 349 653 lum.
381 584 528 674 Legitur
556 583 715 674 denique
745 583 844 673 apud
875 582 1091 651 Petronium
1123 580 1225 648 uinus
1248 601 1318 670 pro

263 713 386 781 uirium
399 713 461 803 (1).
481 713 533 780 Cf.
552 713 725 781 Plautum
739 712 958 802 (Aulularia,
976 711 1058 800 436)
1075 734 1081 779 :
1100 711 1189 778 Luci
1204 712 1316 780 claro.

306 838 390 907 Non
402 837 519 907 debeo
530 840 717 927 praeterire
727 839 959 929 (quanquam
969 839 1124 926 huJ‘usce
1134 836 1187 905 rei
1199 858 1320 904 unum

262 964 522 1034 tantummodo
540 965 751 1054 exemplum
767 971 820 1034 est
835 965 936 1054 apud
949 963 1151 1054 Victorem)
1165 963 1321 1052 pluralis

262 1093 406 1182 generis
426 1099 568 1179 neutra,
592 1115 674 1184 quae
696 1094 831 1182 saepius
851 1091 950 1181 apud
970 1093 1109 1160 infimae
1128 1091 1321 1159 latinitatis

263 1220 459 1308 scriptores
479 1241 564 1288 curn
579 1221 794 1289 nominihus
813 1221 944 1310 primae
960 1219 1229 1303 declinationis,
1252 1240 1320 1286 nu-

263 1367 366 1413 mero
393 1347 567 1436 singulari
600 1347 787 1432 adhibitis,
815 1346 1118 1433 confunduntur,
1140 1345 1321 1435 quiahoc

263 1472 382 1540 obiter
401 1471 448 1540 ad
463 1473 720 1542 illustrandam
739 1475 908 1542 feminini
928 1475 1072 1564 generis
1098 1474 1138 1540 in
1161 1473 1322 1541 Franco-

263 1598 442 1687 gallorum
463 1600 586 1690 lingua
602 1603 783 1691 originem
802 1601 962 1669 multum
981 1601 1143 1668 interest.
1172 1599 1321 1668 Postre-

247 1725 333 1803 ¹mis
369 1726 515 1815 imperii
544 1729 689 1795 romani
720 1728 963 1816 temporibuS,
1003 1727 1133 1796 neutra
1165 1727 1321 1815 pluralis

263 1851 417 1938 generiS,
427 1872 551 1941 poma,
570 1873 700 1942 gruna,
715 1852 818 1942 solia,
834 1873 983 1937 cornua,
1002 1857 1084 1937 ete,
1103 1856 1143 1919 ut
1157 1873 1241 1919 rosa
1256 1851 1321 1920 ha-

263 1978 445 2045 bebantur
460 1984 495 2046 et
510 1978 801 2047 declinabantur.
814 1980 941 2069 Itaque
956 1980 1037 2064 ista,
1053 1981 1092 2046 in
1108 1979 1237 2068 gallica
1251 1979 1323 2047 lin-

263 2123 332 2194 gua
352 2111 392 2173 ut
410 2106 591 2174 vocabula
610 2107 789 2175 feminina
809 2109 954 2175 numeri
975 2107 1169 2196 singularis
1193 2106 1322 2175 habita

264 2239 361 2318 sunt,
372 2233 472 2301 unde
487 2241 681 2303 evaserunt
696 2258 702 2302 :
712 2257 870 2326 pomme,
879 2235 1018 2325 graina,
1026 2234 1159 2324 feuille,
1169 2254 1318 2302 corne...

307 2360 404 2450 Lego
420 2361 520 2449 apud
534 2360 719 2430 Victorem
738 2385 744 2429 :
762 2363 940 2451 Frequens
952 2362 1154 2453 multarum
1169 2361 1322 2450 provin-

265 2490 406 2557 ciarum
424 2490 539 2580 spolio
561 2489 606 2578 (*)
631 2488 705 2577 (Ill,
727 2489 796 2578 59).
821 2489 873 2556 Cf.
897 2494 1053 2558 castrum
1073 2509 1141 2576 pro
1165 2487 1322 2556 nomine

264 2619 417 2706 pluralis
448 2618 594 2686 numeri
622 2623 739 2686 castra
758 2618 835 2708 (2);
863 2618 1008 2702 moenia,
1040 2616 1182 2686 moeniae
1203 2616 1322 2707 (Ano-
1354 2636 1358 2640 ·

265 2767 366 2834 nym.
389 2744 507 2813 Vales.
531 2744 589 2834 67)
608 2743 682 2834 (3)‚‚

407 3027 422 3112 ἓ
450 3024 482 3092 4.
514 3065 558 3076 -
588 3045 634 3092 nu
659 3043 883 3103 ouoaunuau
907 3044 1172 3095 vocauuuoaun

617 3158 878 3208 msouuunoaa
903 3160 968 3209 usu

311 3365 579 3450 Quorumdam,
613 3370 652 3433 ut
680 3365 853 3450 vidimus,
888 3366 1156 3434 vocabulorum
1180 3365 1321 3433 formas

266 3498 328 3561 aut
347 3497 506 3560 mutatas
525 3492 564 3558 in
593 3513 702 3559 suum
721 3491 858 3559 librum
884 3493 1078 3582 recepisse,
1108 3498 1170 3560 aut
1194 3491 1320 3580 ipsum

266 3619 464 3686 mutavisse
479 3617 664 3686 Victorem
684 3623 825 3685 certum
845 3624 910 3702 est,
933 3623 969 3686 at
988 3640 1065 3686 non
1085 3638 1181 3686 nova
1200 3617 1321 3685 nomi-

266 3763 314 3810 na
334 3743 525 3811 creavisse.

349 4029 378 4076 V.
399 4028 529 4092 chassang,
546 4027 637 4091 oropo,
653 4043 680 4090 p.
702 4027 740 4077 at.

348 4102 424 4167 dorp.
442 4104 558 4168 inscript.
579 4104 638 4162 lut.r
657 4106 716 4164 llll,
733 4118 789 4166 pars
804 4105 834 4165 Il,
849 4119 876 4166 p.
897 4105 969 4155 1110.

299 4319 329 4383 (Ἴ
346 4316 471 4382 Frequens
486 4319 544 4368 ilss.
563 4322 651 4381 preter
666 4320 692 4367 W
707 4335 714 4379 ·,
723 4319 865 4383 frequentia
883 4321 929 4368 Ru.
951 4321 982 4369 Η.
