3142 5084
703 423 884 486 ..103-

391 663 463 751 §2
486 703 530 712 —
554 683 600 730 nn
624 681 790 730 nomuun
814 680 1097 730 nnsrnnoronuu
1122 679 1186 728 usu

305 849 407 921 Nihil
427 855 492 935 est,
514 857 554 919 ut
568 851 646 919 vult
660 851 985 940 grammaticorum
1001 849 1141 939 opinio,
1159 849 1316 917 labentis

183 958 191 969 ’
261 979 396 1069 linguae
423 979 542 1069 majus
562 979 742 1048 indicium
772 1001 885 1068 quarn
910 979 1138 1068 frequentior
1157 979 1316 1046 abstrac-

173 1086 178 1093 ’
262 1111 386 1174 torum
414 1106 683 1175 vocabulorum
712 1127 821 1190 usus;
857 1105 944 1194 quia
976 1126 1019 1174 eo
1048 1105 1164 1194 magis
1193 1125 1315 1173 sermo

259 1230 395 1300 latinus
414 1232 462 1301 ad
480 1233 595 1302 finem
609 1234 792 1324 vergebat,
814 1255 858 1301 eo
877 1233 1107 1322 frequentius
1123 1232 1185 1299 illa
1204 1251 1315 1298 voca-

176 1422 181 1426 .
259 1357 347 1427 bula
371 1360 411 1427 in
434 1359 577 1430 honore
605 1366 720 1429 erant.
754 1360 928 1428 Attamen
958 1380 1088 1428 omnes
1120 1357 1315 1446 cujuslibet

258 1487 436 1575 temporis
455 1488 652 1576 scriptores
667 1488 857 1557 abstractis
873 1487 1101 1569 nominibus,
1120 1484 1315 1573 aliquoties

261 1633 329 1701 pro
352 1615 525 1683 concretis
544 1616 601 1684 usi
621 1622 716 1684 sunt.
743 1615 869 1683 Livius
889 1637 965 1682 non
985 1613 1166 1682 dubitavit
1186 1611 1314 1680 mutri-

261 1740 385 1808 moniu
413 1762 481 1830 pro
502 1763 631 1811 uxores
658 1741 780 1810 dicere
798 1741 861 1831 (1).
883 1741 952 1831 (cf.
976 1751 1088 1830 λέκτρα
1113 1769 1156 1797 z
1180 1740 1315 1827 conjux

260 1864 300 1932 in
323 1864 510 1956 Euripidis
538 1867 667 1936 Medea
695 1868 744 1958 (v.
772 1868 886 1958 1026).
917 1868 1036 1936 Nemo
1070 1867 1213 1955 ignorat
1244 1864 1316 1931 hoc

261 1990 405 2061 Taciti:
429 1994 578 2084 plenum
597 1995 729 2064 exsiliis
747 1994 810 2085 (z
836 1993 1095 2082 exsulantibus)
1121 2013 1223 2060 mare
1248 1991 1312 2081 (2),

260 2124 296 2187 et
314 2119 386 2189 alia
406 2142 490 2209 quae
509 2123 548 2188 in
568 2122 640 2191 hoc
660 2123 840 2212 opusculo
860 2123 995 2190 referre
1011 2143 1088 2189 non
1107 2125 1239 2188 vacat·

307 2246 458 2315 Certum
478 2255 531 2316 est
550 2270 672 2318 aureae
692 2249 881 2317 latinitatis
906 2254 1074 2317 auctores
1095 2247 1217 2315 verbis
1237 2245 1316 2333 qui-

262 2376 331 2444 bus
351 2396 409 2442 res
429 2381 492 2444 aut
510 2397 679 2466 personae
709 2378 799 2467 ipsae
826 2378 1108 2445 nominarentur
1131 2395 1243 2463 quam
1270 2374 1315 2440 iis

263 2501 399 2590 quibus
414 2523 539 2571 rerum
554 2509 617 2571 aut
629 2525 872 2592 personarum
888 2522 1020 2592 genera
1037 2502 1316 2591 designarentur

262 2629 314 2695 uti
336 2628 524 2698 maluisse.
560 2629 740 2713 Quaedam
767 2636 892 2698 tamen
911 2629 1045 2696 horum
1070 2629 1109 2695 in
1135 2648 1203 2694 usu
1225 2646 1315 2713 quo-

260 2750 403 2819 tidiano
424 2758 528 2820 erant
547 2759 587 2820 ut
599 2754 769 2843 juventus
784 2783 827 2811 ·-
834 2753 995 2842 juvenes,
1013 2749 1180 2818 nobilitas
1195 2767 1315 2816 romu-

260 2901 308 2948 nu
323 2909 367 2938 =
382 2879 517 2949 nobiles
536 2881 693 2949 romani.
716 2881 859 2964 Postea,
883 2877 1020 2946 indies
1044 2877 1200 2944 invaluit
1228 2897 1315 2943 con·

260 3004 417 3075 suetudo
448 3008 602 3076 nomina
630 3009 812 3075 abstracta
843 3028 911 3095 pro
939 3004 1108 3074 concretis
1134 3001 1312 3092 ponendi,

258 3136 381 3224 primo
407 3135 508 3224 apud
540 3140 680 3224 poetas,
711 3133 845 3202 deinde
874 3131 974 3222 apud
1008 3154 1071 3200 eos
1100 3131 1163 3219 qui
1193 3130 1314 3196 soluto

260 3283 431 3330 sermone
447 3263 667 3330 scribebant.
686 3262 782 3330 Nam
799 3261 904 3349 quasi
921 3282 984 3328 eos
1001 3258 1224 3326 ciceroniani
1241 3257 1315 3324 clo-

259 3387 337 3477 quii
359 3386 511 3456 tandem
530 3386 692 3472 taederet‚
716 3393 778 3455 aut
798 3388 1011 3455 inusitatam
1035 3386 1159 3453 latinae
1179 3383 1313 3471 linguae

258 3514 358 3583 viam
378 3514 569 3604 aperiendi
594 3514 776 3604 cupiditas
796 3515 1012 3603 impelleret,
1038 3533 1178 3580 novum
1194 3509 1313 3599 quod-

260 3637 347 3707 dam
363 3638 511 3708 dicendi
531 3658 645 3728 genus
661 3640 730 3706 sibi
747 3639 876 3722 fecere,
894 3644 1005 3727 atque
1019 3637 1192 3704 liberiore
1206 3655 1313 3702 voca-

259 3765 433 3866 bulorum
453 3787 522 3833 usu
538 3766 702 3833 eminere
717 3763 947 3833 studuerunt.
969 3763 1052 3832 Jarn
1066 3769 1150 3831 ante
1171 3761 1314 3845 Quinti-

257 3891 346 3960 liani
362 3898 543 3982 tempora,
560 3893 705 3982 vigebat
721 3893 760 3959 in
775 3891 912 3960 scholis
928 3890 1093 3960 studium
1105 3889 1197 3958 illud
1207 3911 1314 3957 men-

258 4023 334 4088 tem
353 4019 486 4088 callida
506 4025 541 4088 et
562 4041 657 4087 nova
673 4020 873 4087 verborum
884 4019 1058 4107 junctura
1073 4014 1310 4106 percellendi,

289 4279 323 4403 (12)
341 4279 371 4404 (dl
390 4278 526 4400 Rierpann:
543 4277 703 4328 Grummuirc
718 4279 742 4325 et
754 4275 842 4339 leupue
857 4275 886 4326 dc
905 4276 1036 4335 Tite-Line,
1053 4290 1079 4338 p.
1098 4277 1137 4335 42,
1153 4289 1192 4336 sq.

292 4355 326 4418 (J
368 4353 425 4412 ist..
455 4355 506 4413 ,t.
