3142 5084
717 397 876 462 ..77-

271 565 406 635 scholis
417 565 573 652 educati,
590 588 696 636 novae
708 566 842 636 deinde
853 566 1020 657 religioni
1034 564 1183 651 addicti,
1199 570 1321 655 partes

270 693 555 767 christianorum
571 695 645 764 suis
661 695 804 783 scriptis
820 692 1055 784 adjuvabant.
1073 691 1210 777 Quinto
1222 693 1321 761 enim

271 820 419 906 saeculo,
449 822 633 912 imprimis
657 821 758 912 apud
783 821 901 907 Afros,
933 820 1047 890 latina
1076 820 1200 912 lingua
1229 820 1322 889 nihil

267 947 371 1018 aliud
390 954 467 1019 erat
488 971 602 1040 quam
621 949 911 1040 theologicarum
932 947 1186 1018 doctrinarum
1205 947 1321 1016 ancil-

269 1077 331 1164 la;
354 1083 475 1169 atque,
505 1083 545 1147 ut
571 1077 677 1146 miles
701 1077 877 1168 gladium,
905 1078 957 1146 sic
982 1077 1119 1166 stylum
1146 1076 1321 1145 adversus

268 1203 473 1290 haereticos,
496 1204 627 1275 Africae
647 1205 843 1294 scriptores
870 1203 1106 1293 stringebant.
1130 1202 1323 1292 Repellen-

269 1331 324 1400 dis
343 1351 572 1422 paganorum
593 1338 627 1400 et
648 1332 909 1400 haereticorum
928 1336 1056 1400 contra
1077 1329 1211 1398 Christi
1236 1330 1321 1398 reli-

266 1462 415 1552 gionem
434 1462 710 1551 conjurantium
732 1461 877 1546 ictibus,
910 1459 1064 1550 Optatus
1088 1459 1320 1528 Milevitanus

267 1591 302 1655 et
321 1586 546 1677 Augustinus
562 1607 714 1655 omnem
730 1607 858 1654 curam
877 1583 1152 1674 impenderunt.
1174 1584 1262 1652 Haec
1281 1585 1321 1650 in

266 1715 392 1783 animo
402 1715 578 1799 habuere,
592 1715 722 1803 quinto
739 1712 886 1799 saeculo,
904 1711 1030 1780 Victor
1045 1690 1316 1796 Cartennensis‚

200 1821 205 1828 ’
265 1838 416 1930 Vigilius
440 1840 663 1929 Thapsensis
690 1846 725 1908 et
743 1839 967 1929 Fulgentius
991 1839 1054 1927 qui
1080 1836 1237 1904 Arianos
1266 1843 1320 1905 tot

266 1967 411 2056 scriptis
430 1968 751 2057 impugnaverunt.
767 1965 865 2050 Quid
885 1964 1007 2033 dicam
1021 1963 1067 2031 de
1077 1962 1223 2031 Victore
1236 1983 1319 2032 nos-

264 2095 321 2158 tro
342 2093 405 2182 qui
426 2093 608 2178 exsulanS,
627 2093 742 2161 animi
759 2099 794 2161 et
809 2090 975 2180 corporis
987 2089 1178 2159 doloribus
1194 2110 1319 2158 excru-

264 2219 391 2305 ciatus,
417 2220 664 2306 vandalicam,
689 2243 802 2310 qua-m
825 2241 956 2310 passus
982 2225 1070 2305 erat,
1092 2220 1318 2308 persecutio-

265 2365 351 2412 nem
385 2346 604 2414 enarravit‘l
635 2346 737 2416 Nihil
767 2347 904 2414 mirum
946 2346 1056 2434 igitur
1094 2345 1124 2412 si
1159 2345 1317 2413 latinum

263 2493 475 2542 sermonem
495 2495 607 2563 quem
623 2495 734 2541 nemo
750 2475 830 2562 jam
845 2479 942 2541 recte
961 2473 1138 2562 loquitur,
1160 2477 1248 2540 tunc
1263 2472 1316 2538 illi

262 2604 395 2668 vexent
414 2605 449 2668 et
468 2600 538 2668 sihi
554 2598 850 2683 accommodent,
874 2604 920 2683 et,
943 2596 991 2666 ad
1009 2598 1316 2686 intemperantius

165 2703 174 2715 ’
262 2725 500 2795 scribendum
515 2727 678 2816 impulsi,
688 2726 906 2795 elocutionis
914 2726 1038 2815 figuris
1053 2746 1165 2815 prave
1175 2726 1316 2794 etinur-

260 2853 357 2921 bane
377 2859 538 2922 utantur.

304 2980 393 3050 Haec
412 2987 497 3049 sunt
518 2981 606 3050 vitia
626 3003 709 3070 quae
729 2979 829 3070 apud
848 2980 1034 3050 Victorem
1060 2978 1315 3070 deprehende-

261 3129 355 3193 mus,
388 3109 559 3198 quamvis
589 3130 666 3177 non
695 3109 741 3176 sit
774 3109 931 3197 scriptor
960 3109 1115 3176 omnino
1144 3106 1246 3175 rudis
1280 3113 1315 3175 et

259 3224 498 3327 rerumquae
527 3235 712 3304 scribendi
742 3240 858 3304 artem
888 3240 1030 3324 regunt,
1061 3241 1101 3303 ut
1124 3234 1314 3303 contendit

258 3362 532 3453 Petschenigius
542 3364 593 3454 (1)
612 3365 771 3455 ignarus.
794 3363 884 3432 Mihi
899 3370 1023 3431 autem
1042 3362 1188 3431 videtur
1206 3364 1246 3430 in
1260 3362 1315 3431 lu-

259 3489 316 3559 dis
333 3492 397 3582 qui
410 3492 450 3559 in
461 3490 582 3561 Africa
596 3491 718 3560 adhuc
734 3496 849 3576 erant,
866 3491 978 3559 fuisse
993 3494 1170 3574 versatus,
1187 3490 1314 3580 ibique

258 3615 450 3686 rhetorum
470 3617 705 3708 disciplinam
725 3617 905 3702 hausisse,
928 3638 1011 3708 quae
1027 3616 1107 3705 jam
1126 3638 1147 3685 a
1167 3615 1314 3700 Quinti-

257 3743 346 3813 liani
372 3745 621 3834 temporibus,
653 3744 776 3812 latinis
802 3743 932 3812 litteris
958 3747 1060 3811 tanto
1090 3741 1312 3811 detrimento

255 3870 336 3941 fuit.
357 3871 509 3962 Ingenio
529 3873 717 3962 scriptoris
737 3873 777 3939 in
796 3871 868 3939 illis
888 3870 1024 3940 scholis
1047 3869 1204 3954 educati,
1231 3869 1313 3937 ido-

256 4019 366 4070 neam
386 4005 421 4068 et
434 4000 622 4090 ingentem
641 4001 835 4069 materia-m
850 3998 1025 4067 immanis
1044 3996 1106 4066 illa
1126 3996 1312 4067 Vandalo-

256 4148 341 4196 rum
359 4129 566 4217 persecutio
587 4127 858 4218 suppeditabat.

289 4365 322 4430 (1)
339 4363 434 4430 Corpus
448 4365 566 4430 scriptor·⁴
581 4364 753 4428 ecclesiastic„
769 4365 823 4425 Vll;
842 4362 960 4426 prosatio,
977 4363 1043 4414 xm.
