3142 5084
658 416 812 480 ..37-

205 585 348 677 singula
367 606 525 676 quaeque
549 589 673 652 narrat
693 605 823 653 eorum
844 606 939 674 quae,
955 584 1085 652 eadem
1100 591 1260 676 tempes-

206 721 291 800 tate,
313 737 399 784 cum
424 714 679 798 calamorum,
701 719 780 781 tum
797 734 841 781 ex
856 713 1257 806 clericorum-numero,

206 845 407 929 christiani,
429 845 476 912 ab
495 844 626 911 iterato
646 843 866 932 baptismate
886 843 1139 929 abhorrentes
1159 845 1259 933 passi

207 979 303 1042 sunt.

252 1100 323 1170 Sed
355 1101 508 1169 fortasse
541 1099 639 1168 dicat
672 1099 805 1189 aliquis
833 1098 1019 1167 Victorem
1053 1099 1260 1168 collationis

206 1234 372 1319 tempore
391 1229 537 1317 fugisse,
556 1227 690 1296 deinde
705 1225 858 1295 rediisse
878 1227 1148 1316 Carthaginem.
1161 1227 1260 1296 Num

206 1355 434 1426 credendum
450 1359 504 1422 est
520 1376 606 1422 eum
624 1359 726 1421 metu
745 1353 895 1443 pulsum
909 1354 1068 1443 fugisse?
1083 1352 1191 1421 Haud
1210 1355 1261 1422 ita

121 1480 126 1490 '
204 1480 369 1569 profecto
388 1477 653 1568 vituperandus
673 1483 727 1546 est
745 1478 881 1563 Victor,
914 1480 1051 1569 quippe
1081 1481 1144 1569 qui
1174 1481 1259 1549 vitae

206 1612 269 1675 aut
300 1605 478 1674 libertatis
511 1606 688 1695 pericu10,
728 1611 836 1674 antea
871 1605 1124 1674 exsulantibus
1160 1607 1261 1695 apud

206 1735 354 1804 Mauros
374 1735 557 1823 episcopis
577 1734 725 1802 obviam
745 1734 862 1818 iverit,
886 1755 1023 1823 eosque
1035 1756 1102 1824 per
1117 1733 1260 1803 deserta

207 1866 241 1929 et
256 1861 356 1929 invia
374 1860 455 1929 loca
474 1861 583 1928 fuerit
602 1861 809 1928 comitatus.
827 1861 946 1927 lmmo
967 1861 1050 1948 quis
1069 1882 1146 1927 non
1160 1859 1261 1928 videt

207 1987 442 2056 collationem
468 1986 709 2055 reformidare
729 2009 805 2054 non
825 1987 988 2077 potuisse
1008 1987 1130 2054 virum
1154 1985 1260 2054 illum

208 2115 271 2203 qui
287 2114 368 2203 jam
387 2114 562 2183 Hunerici
591 2115 686 2182 iram
719 2136 796 2182 non
822 2114 1127 2197 reformidaverit,
1150 2119 1260 2202 atque

208 2262 334 2309 coram
348 2241 596 2326 multitudine,
612 2247 730 2310 astute
745 2241 907 2310 oblatam
923 2240 1080 2330 eligendi
1096 2241 1259 2331 episcopi

208 2367 395 2434 licentiam
414 2367 581 2454 reJecerit
597 2367 614 2433 ‘l
633 2366 772 2454 MaJora
793 2365 953 2454 denique
972 2366 1116 2434 virtutis
1136 2387 1260 2434 exem-

208 2492 269 2582 pla
287 2497 407 2582 usque
427 2492 474 2560 ad
493 2492 532 2560 id
551 2494 729 2581 temporis
747 2493 873 2562 Victor
889 2491 1065 2576 ediderat,
1088 2514 1201 2581 quam
1221 2498 1261 2560 ut

208 2619 397 2707 potuisset,
424 2619 462 2685 in
491 2618 554 2686 illo
575 2623 676 2686 tanto
696 2617 869 2686 Ecclesiae
889 2619 1060 2686 africanae
1080 2619 1257 2707 periculo,

209 2768 276 2815 suo
296 2746 379 2814 loco
400 2746 546 2815 cedere.v

209 3045 222 3116 5
248 3044 286 3099 11.
310 3001 349 3085 ¹-
373 3046 449 3116 Quo
473 3046 639 3114 tempore
666 3046 704 3102 et
731 3058 801 3115 quo
825 3045 863 3102 ln
887 3003 966 3104 loco
991 3046 1120 3105 Victor
1144 3046 1260 3105 histo·

577 3142 674 3199 riam
694 3141 904 3212 scripserit.

253 3356 361 3425 Nunc
380 3355 584 3424 videndum
604 3363 657 3425 est
677 3380 751 3446 quo
777 3350 944 3447 tempore
965 3365 1000 3426 et
1020 3381 1094 3448 quo
1119 3360 1157 3425 in
1177 3360 1260 3426 loco

210 3481 335 3552 Victor
349 3506 458 3551 suum
474 3483 610 3551 librum
631 3486 826 3573 scripserit.
849 3486 890 3551 ln
911 3485 1088 3554 solvenda
1108 3484 1261 3575 quidem

211 3611 344 3679 harum
369 3612 626 3700 ‘quaestionum
652 3613 786 3700 priore,
816 3634 892 3679 non
922 3611 1099 3695 multum,
1136 3611 1259 3696 credo,

213 3736 481 3805 elaborandum
508 3738 586 3805 erit.
619 3737 769 3805 Constat
794 3738 893 3805 enim
919 3738 1015 3805 inter
1040 3738 1262 3805 recentiores

212 3866 459 3934 africanarum
490 3887 614 3933 rerum
646 3867 854 3954 scriptores
885 3864 1072 3934 Vandalos
1102 3865 1263 3933 Africam

213 3992 357 4060 circiter
376 3984 516 4059 annum
530 3992 596 4058 429
616 3992 804 4059 invasisse.
822 3992 949 4081 ltaque
964 3992 1149 4061 Victorem
1165 4012 1264 4059 anno

213 4120 279 4187 489
311 4140 416 4188 suam
449 4120 643 4188 historiam
672 4121 805 4188 sinon
833 4121 1032 4209 scripsisse,
1065 4120 1193 4188 saltem
1227 4122 1265 4188 in

214 4249 336 4322 lucem
355 4247 584 4348 produxisse,
603 4254 743 4321 certum
761 4253 827 4338 est.
851 4248 1018 4317 Primum
1032 4249 1141 4338 igitur
1160 4247 1266 4321 refel-
