3142 5084
784 423 945 485 -30-

337 588 522 680 Eugenius
547 589 849 680 carthaginiensis
874 591 937 679 qui
963 589 1168 675 exsulabat,
1201 588 1396 658 acerbissi-

340 741 419 788 mas
434 741 576 809 poenaS,
596 721 776 809 quamvis,
795 740 918 803 senex,
936 719 1036 809 gravi
1051 720 1183 787 morbo
1197 718 1394 805 laboraret,

338 848 488 915 nemine
508 846 735 931 consolante,
757 846 918 936 pertulit.
941 845 1043 914 Alios
1063 846 1127 935 qui
1149 847 1181 914 ei
1206 847 1397 936 permitte-

338 976 485 1060 bantur,
497 974 681 1043 Antonius
696 995 841 1042 summa
852 975 889 1042 vi
904 974 1068 1042 tentabat
1078 978 1252 1041 utveram
1262 973 1398 1040 Christi

340 1103 555 1192 religionem
580 1101 828 1191 repudiarent.
858 1101 1005 1190 lnjectis
1025 1103 1176 1186 catenis,
1198 1107 1398 1191 postquam

341 1253 404 1300 eos
423 1230 613 1320 suppliciis
630 1231 913 1315 exanimaverat,
932 1229 1057 1298 clauso
1073 1252 1149 1314 ore,
1168 1250 1302 1319 corpus
1317 1251 1400 1319 per-

339 1358 517 1427 fundebat
537 1380 644 1447 aqua,
667 1364 707 1426 ut
726 1359 830 1447 quasi
854 1358 988 1426 iterum
1008 1359 1223 1447 baptizatos,
1241 1356 1399 1424 Arianos

341 1508 380 1554 se
395 1507 473 1554 esse
489 1486 760 1575 profiterentur,
774 1486 907 1552 frustra
916 1484 1082 1569 credens,
1097 1490 1137 1552 ut
1148 1486 1199 1551 ait
1208 1483 1345 1568 Victor,
1359 1505 1399 1552 se

341 1635 450 1702 posse
484 1634 564 1681 cum
591 1633 739 1701 corpore
771 1612 886 1702 ligore
910 1611 1174 1680 conscientium.
1204 1610 1310 1679 Multi
1335 1609 1398 1678 alii

340 1740 549 1809 istiusmodi
565 1740 749 1830 baptisma
765 1740 967 1808 subierunt.
986 1738 1205 1808 AVandalis
1219 1739 1298 1807 vias
1317 1759 1399 1827 per-

341 1870 588 1937 scrutantibus
617 1869 764 1957 arrepti,
792 1867 840 1935 ad
864 1868 1058 1957 episcopos
1088 1868 1235 1935 arianos
1260 1870 1399 1956 pertra-

342 1996 543 2080 hebantur,
566 1994 669 2078 alios,
692 1995 731 2061 in
754 1994 829 2060 suis
849 1992 993 2061 lectulis
1014 1992 1253 2077 dormientes,
1274 1992 1399 2061 fractis

342 2124 474 2211 portis,
510 2121 730 2210 presbyteri,
762 2119 1024 2188 sceleratorum
1053 2120 1250 2187 hominum
1284 2139 1400 2187 manu

342 2250 477 2346 stipati,
504 2249 689 2338 petebant.
726 2247 791 2314 His
818 2247 993 2316 omnibus
1020 2248 1191 2315 arianum
1215 2246 1400 2335 baptisma

342 2377 614 2466 imponebatur.
637 2375 681 2444 Et
700 2378 770 2444 ista
785 2398 862 2444 non
877 2376 999 2444 solum
1013 2376 1052 2442 in
1067 2375 1164 2443 villis
1180 2379 1215 2443 et
1227 2373 1397 2459 castellis,

344 2503 408 2572 sed
437 2506 548 2572 etiam
580 2504 798 2593 Carthagine
828 2504 1041 2593 agebantur,
1074 2506 1177 2569 tanto
1203 2501 1327 2569 furore
1360 2503 1401 2567 ut

344 2632 629 2699 christianorum
657 2630 808 2719 plurimi
840 2630 1087 2698 remotissima
1116 2627 1197 2695 loca
1228 2628 1286 2695 vel
1317 2648 1400 2715 spe-

343 2756 471 2824 luncas
492 2760 710 2844 quaererent,
728 2756 851 2843 potius
870 2754 1048 2821 habentes
1067 2754 1165 2820 fame
1186 2757 1248 2820 aut
1267 2751 1401 2838 frigore

344 2881 512 2948 consumi
533 2900 646 2969 quam
666 2901 742 2947 suae
762 2879 848 2947 fidei
863 2881 948 2967 jura
968 2878 1117 2946 violare.

389 3006 487 3090 Quid
516 3007 686 3074 miserius
714 3006 910 3095 excogitari
940 3006 1096 3094 potest‘l
1122 3004 1191 3071 Tot
1215 3003 1401 3070 malorum

345 3134 554 3224 spectaculo
587 3134 781 3224 impulsus,
815 3128 1005 3222 propriam
1034 3133 1147 3200 vitam
1181 3152 1249 3219 pro
1283 3129 1401 3196 nihilo

345 3258 496 3344 ducens,
519 3259 752 3327 Habetdeum
767 3260 975 3348 episcopus,
993 3256 1196 3324 Tamalleni
1215 3254 1398 3338 exsulans,

345 3387 604 3476 Carthaginem
623 3387 762 3475 petivit,
785 3391 825 3453 ut
844 3386 938 3474 regis
955 3385 1122 3451 animum
1143 3381 1305 3450 molliret
1324 3379 1397 3471 (1);

346 3515 438 3581 nihil
459 3519 583 3580 tamen
603 3512 768 3601 profecit.

390 3639 472 3706 lam
492 3638 594 3705 nulla
619 3641 695 3704 erat
714 3635 878 3704 Ecclesia
899 3634 1072 3718 africana,
1094 3634 1152 3702 cui
1177 3637 1303 3700 tamen
1325 3653 1402 3699 non

348 3773 531 3858 superstes
556 3766 636 3849 fuit,
664 3765 726 3853 qui
754 3784 836 3832 eam
860 3763 1021 3831 maxime
1046 3767 1253 3845 vexaverat,
1276 3759 1402 3828 Hune-

348 3894 456 3963 ricus

381 4156 413 4219 (1)
432 4155 494 4204 viu.
516 4153 577 4213 vic,
596 4155 636 4213 m,
655 4154 697 4203 53.
