3142 5084
619 929 771 998 CAPUT
793 930 824 998 11

434 1134 473 1177 ΒΕ
488 1133 629 1178 1110Το1118
644 1135 785 1180 vitensis
801 1134 1016 1180 sucrontmt

132 1456 135 1460 ι
242 1371 334 1440 Sunt
360 1373 423 1462 qui
456 1378 597 1441 tantam
623 1372 877 1443 Vandalorum
909 1371 1164 1441 crudelitatem
1191 1371 1253 1438 vix

197 1497 267 1564 sibi
288 1497 512 1586 effingentes‚
538 1496 676 1566 Victori
701 1517 783 1565 eam
808 1496 1044 1565 adumbrauti
1070 1493 1249 1563 diffidant.

242 1625 429 1692 Disseram
450 1624 558 1713 igitur
576 1625 615 1691 in
630 1624 702 1692 hoc
722 1623 895 1713 capitulo,
915 1623 961 1692 de
980 1624 1024 1690 iis
1040 1623 1150 1690 rebus
1170 1642 1253 1710 quae

197 1750 384 1820 Victorem
397 1748 585 1818 Viteusem
605 1771 683 1816 nou
702 1748 822 1817 levem
841 1755 1031 1817 auctorem
1049 1749 1200 1832 faciunt,
1220 1751 1255 1815 et

199 1875 453 1943 demonstrare
464 1876 629 1942 conabor
644 1896 729 1943 eum
745 1876 784 1941 in
798 1873 920 1942 Africa
936 1879 1064 1943 natum
1081 1878 1118 1942 et
1130 1873 1256 1940 viven-

198 2007 274 2070 tem
307 2008 343 2070 et
376 2023 503 2070 earum
532 2022 657 2069 rerum
684 2022 776 2091 quas
805 2003 967 2070 narravit
995 2006 1138 2086 testem,
1168 2020 1256 2069 vera

200 2129 322 2198 dicere
346 2130 521 2219 potuisse,
552 2135 586 2198 et
611 2150 653 2198 ea
680 2128 728 2197 ad
759 2130 922 2198 historiae
950 2129 1064 2198 fidem
1085 2148 1256 2198 enarrare

199 2256 372 2326 voluisse.

493 2444 506 2514 ξ
528 2445 549 2498 Ι.
572 2474 607 2517 ε-
626 2447 677 2502 De
697 2443 780 2502 vita
799 2443 975 2527 Victoris.

197 2637 201 2640 ’
248 2611 329 2696 Quo
356 2634 455 2681 anno
486 2620 605 2698 uatus⁷
631 2635 651 2681 a
679 2615 813 2703 quibus
837 2614 1052 2703 parentibus
1079 2612 1258 2681 oriundus

201 2740 310 2807 fuerit
328 2739 464 2825 Victor,
491 2762 625 2829 parum
649 2747 892 2829 compertum.
915 2738 1190 2807 Tantummodo
1216 2759 1260 2805 ex

203 2888 279 2934 uno
301 2868 378 2955 ejus
398 2868 562 2937 historiae
581 2867 664 2937 loco
684 2869 792 2936 uobis
813 2868 995 2956 conjicere
1014 2867 1099 2935 licet
1119 2888 1205 2935 eum
1220 2867 1259 2933 in

205 2993 368 3082 quadam
383 2993 583 3084 Byzacenae
599 2997 690 3064 urbe
703 3002 831 3063 natum
846 3017 935 3064 esse.
953 2995 1048 3064 Nam
1061 3001 1260 3084 postquam

205 3121 252 3191 de
274 3122 528 3192 Vandalorum
553 3124 757 3213 irruptione
781 3125 1009 3192 mentionem
1034 3123 1129 3207 fecit,
1152 3122 1261 3189 truci-

206 3249 311 3318 datos
336 3251 520 3340 quosdam
546 3252 739 3340 episcopos
764 3272 988 3334 memorans,
1015 3251 1116 3318 hisee
1140 3250 1262 3318 verbis

206 3379 441 3467 peculiariter
456 3378 502 3447 de
517 3401 593 3447 uno
613 3379 763 3447 illorum
783 3379 947 3468 loquitur
970 3402 975 3447 :
1001 3403 1017 3446 c
1038 3378 1142 3446 Tunc
1161 3380 1261 3447 enim

208 3510 243 3572 et
266 3511 399 3573 nostroe
423 3506 578 3573 civitatis
606 3505 826 3575 venerabilis
855 3506 1083 3595 Papinianus
1112 3505 1262 3574 antistes

207 3633 399 3702 candentis
413 3634 498 3701 ferri
513 3633 661 3701 laminis
677 3638 753 3701 toto
765 3632 916 3702 adustus
930 3639 984 3701 est
994 3654 1148 3723 corpore
1161 3632 1223 3724 (1).
1244 3655 1260 3699 1
1311 3617 1316 3621 ’

208 3759 300 3827 Sunt
315 3761 378 3849 qui
395 3758 547 3828 credaut
560 3760 747 3829 Victorem
762 3761 834 3829 hoc
847 3761 961 3829 verbo
980 3766 1113 3829 uosirae
1126 3760 1260 3846 Vitam,

209 3887 272 3953 uhi
292 3888 360 3954 fuit
380 3888 587 3977 episcopm,
615 3887 873 3978 designavisse.
906 3887 978 3956 Sed
1002 3893 1145 3956 constat
1164 3888 1264 3957 hunc

208 4013 334 4083 locum
348 4037 425 4085 non
439 4016 617 4084 ciuitatem
631 4016 755 4101 fuisse,
772 4018 910 4105 quippe
926 4016 989 4105 qui
1005 4016 1044 4084 in
1059 4016 1170 4083 nullis
1183 4016 1264 4083 aliis

243 4300 278 4370 (r)
296 4302 360 4356 uer.
378 4303 474 4365 ut.,1‚
492 4308 517 4353 a.
