3142 5084
781 405 961 470 -178-

342 596 428 643 nem
437 573 674 665 probabiliter
682 574 820 643 Victori
834 572 1108 642 attribuendam
1122 592 1218 665 esse,
1236 587 1403 657 eumque
1478 588 1481 592 ’

341 720 460 788 nuper
484 699 652 768 Halmius
677 705 712 768 et
736 700 893 768 Ehertus
917 700 1031 768 secuti
1056 704 1153 767 sunt.
1184 695 1403 765 Petscheni-

340 825 419 912 gius
446 830 569 893 autem
593 825 809 893 Passionem
834 823 1105 893 monachorum
1134 843 1212 890 non
1238 820 1402 890 Victoris

340 952 405 1020 sed
432 954 560 1022 incerti
593 955 753 1023 auctoris
780 975 858 1022 esse
892 976 987 1044 opus
1019 953 1178 1043 probare
1207 951 1311 1018 nisus
1346 955 1402 1018 est

339 1083 563 1169 argumentis
579 1105 661 1171 quae
672 1084 807 1173 partim
818 1080 1060 1171 perpendere,
1077 1080 1214 1168 partim
1228 1078 1400 1147 refellere

338 1208 376 1274 in
397 1209 523 1277 animo
544 1209 676 1278 habeo.

382 1337 581 1405 Ruinartus
609 1337 711 1405 duxit
738 1359 782 1406 ex
806 1359 850 1405 eo
878 1335 1050 1405 concludi
1075 1357 1184 1426 posse
1206 1356 1227 1402 a
1247 1333 1400 1403 Victore

338 1462 512 1550 scriptam
536 1463 648 1531 fuisse
672 1465 901 1549 Passionem,
925 1463 1027 1553 quod
1050 1464 1130 1531 haec
1154 1463 1194 1530 in
1218 1462 1400 1531 omnibus

337 1612 431 1679 quos
459 1593 491 1659 ei
517 1591 642 1660 videre
675 1593 778 1661 licuit
807 1592 997 1661 codicibus
1024 1591 1285 1681 manuscriptis
1311 1595 1401 1679 post

336 1713 535 1784 Historiam
556 1716 783 1803 inveniatur,
805 1718 935 1801 imm0,
958 1716 996 1782 in
1017 1712 1241 1803 quibusdam
1262 1718 1397 1802 quarta

336 1847 398 1908 aut
419 1843 547 1930 quinta
567 1842 731 1911 historiae
758 1865 843 1932 pars
864 1843 1021 1910 habetur
1043 1863 1051 1927 ;
1073 1843 1112 1909 in
1136 1862 1212 1909 uno
1241 1839 1398 1908 illorum

335 1970 456 2036 verbis
471 1970 627 2060 Eaplicit
642 1970 835 2038 historia...
852 1970 932 2038 haec
953 1966 1247 2057 subjunguntur:
1265 1966 1398 2057 Incipit

335 2094 461 2161 Passio
492 2101 633 2183 septem
672 2095 944 2164 monachorum
983 2093 1145 2184 superius
1178 2091 1397 2183 promisso,

335 2217 469 2304 quibus
485 2217 514 2283 si
526 2215 614 2283 fidat
630 2216 756 2301 lector,
770 2218 876 2285 facile
892 2216 1061 2304 colligere
1074 2215 1190 2304 possit
1204 2214 1397 2283 Victorem

333 2343 456 2431 ipsum
467 2344 650 2431 posterius
666 2343 872 2412 scribendae
887 2343 1074 2410 Passionis
1090 2340 1288 2410 consilium
1303 2360 1397 2428 ape-

332 2469 404 2536 rire
423 2468 584 2536 voluisse
603 2491 611 2553 ;
629 2491 712 2558 quae
739 2475 864 2537 tamen
888 2469 1001 2537 verba
1025 2468 1178 2535 liberius
1197 2487 1218 2533 a
1237 2465 1394 2533 librario

331 2595 443 2663 fuisse
458 2597 678 2684 interpolata
695 2597 864 2664 omnium
881 2595 997 2663 oculis
1014 2599 1176 2685 apparet.

375 2721 480 2790 lllam
514 2728 638 2791 tamen
672 2722 840 2790 Ruinarti
861 2722 1079 2811 opinionem
1112 2718 1393 2808 Petschenigius

332 2850 447 2918 nimia
467 2850 515 2933 vi,
537 2849 661 2934 credo,
684 2851 888 2940 impugnat.
911 2850 1001 2917 Mihi
1022 2855 1146 2918 autem
1171 2845 1392 2916 nonnullius

329 2976 437 3062 pretii
453 2997 532 3042 esse
546 2974 692 3043 videtur
711 2976 791 3043 haec
811 2975 988 3055 codicum⁸
997 2973 1249 3064 congruentia,
1265 2971 1333 3041 etsi
1350 2971 1392 3038 in

331 3101 517 3191 plerisque
528 3102 630 3170 nulla
644 3102 689 3170 de
711 3103 857 3170 Victore
871 3108 911 3170 ut
923 3102 1104 3171 Passionis
1119 3105 1270 3168 auctore
1285 3119 1391 3166 men-

329 3228 380 3295 tio
400 3229 474 3295 fiat.
498 3228 543 3295 Ut
563 3229 662 3295 enim
682 3230 854 3298 homines
879 3231 943 3319 qui
969 3229 1093 3298 medio
1114 3251 1206 3314 aevo,
1234 3247 1390 3318 cognos-

329 3355 456 3423 cendae
476 3379 600 3425 rerum
621 3359 950 3427 ecclesiasticarum
971 3358 1134 3426 historiae
1150 3377 1303 3447 operam
1325 3356 1389 3425 da-

328 3484 428 3568 bant,
447 3485 662 3553 Passionem
678 3507 763 3553 cum
779 3486 939 3554 Historia
954 3485 1223 3575 persecutionis
1242 3484 1387 3554 vanda-

327 3611 408 3679 licae
425 3613 702 3701 conjungerent,
725 3614 930 3681 rationibus
944 3613 1186 3698 ducebantur,
1210 3634 1294 3701 quae
1315 3634 1386 3681 nos

326 3737 468 3827 fugiunt
485 3761 492 3823 ;
510 3739 611 3828 quod
627 3741 729 3807 nullo
751 3739 864 3807 modo
883 3740 1066 3824 fecissent,
1089 3740 1119 3807 si
1137 3761 1156 3807 e
1172 3744 1226 3807 tot
1244 3739 1387 3828 passio-

327 3867 435 3933 nibus
456 3872 490 3934 et
519 3869 608 3936 actis
632 3874 836 3958 martyrum
866 3890 949 3957 quae
975 3874 1079 3937 erant
1098 3867 1296 3957 divulgata,
1326 3868 1387 3935 vel

325 4016 442 4062 unum
455 3993 721 4063 documentum
734 3996 941 4064 emersisset
956 4017 1031 4084 quo
1043 3994 1202 4064 deorum
1215 3994 1386 4084 opinioni

325 4119 590 4189 adversaretur.
609 4121 748 4211 ltaque,
762 4142 846 4189 cum
867 4121 1027 4189 Historia
1043 4126 1078 4189 ct
1093 4120 1220 4189 Passio
1236 4141 1276 4188 re
1291 4125 1386 4189 trac-

324 4254 397 4316 tata
426 4255 460 4317 et
489 4251 670 4321 sermonis
690 4248 931 4318 similitudine
950 4269 1168 4339 germanum
1188 4247 1382 4338 quoddam
