3142 5084
710 379 868 440 -34-
942 378 944 382 ⁴

263 549 418 618 civitatis
450 549 666 638 episcopum
700 569 720 616 c
749 547 836 616 sede
865 568 930 615 sua
959 545 1109 636 pulsum
1143 551 1177 614 et
1210 545 1316 613 omni

263 677 477 746 destitutum
504 679 640 746 auxilio
662 677 754 746 vidit
776 684 810 745 et
832 676 1013 744 salutavit.
1042 675 1141 742 Vidit
1166 695 1317 764 quoque

262 793 482 896 Carthagine
499 806 724 896 Armogastis
736 804 969 895 proconsulis
985 809 1020 871 et
1036 802 1156 871 Saturi
1175 802 1317 892 suppli-

261 933 361 1000 cium
376 931 438 1023 (1).

305 1167 393 1236 Haec
412 1169 479 1235 sub
501 1167 698 1237 Genserico
719 1169 930 1258 agebantur.
948 1167 1099 1235 Illarum
1114 1172 1238 1235 autem
1260 1187 1315 1235 re-

260 1313 343 1360 rum
373 1315 456 1381 quae
488 1295 556 1362 sub
585 1295 771 1363 Hunerico
801 1299 1013 1378 evenerunt,
1045 1299 1175 1362 testem
1202 1293 1315 1362 fuisse

259 1421 445 1489 Victorem
461 1424 576 1513 magis
596 1445 639 1491 ac
658 1424 773 1513 magis
793 1423 968 1491 affirmari
987 1427 1119 1512 potest.
1142 1420 1194 1490 Ea
1215 1422 1316 1490 enim

258 1547 374 1615 fusius
390 1547 610 1637 explanavit,
634 1550 710 1616 sive
726 1549 812 1637 quia
828 1546 1036 1615 crudeliora
1055 1546 1214 1631 fuerunt,
1237 1547 1315 1614 sive

259 1674 346 1761 quia
365 1673 510 1758 meliuS,
528 1679 655 1764 utpote
670 1675 888 1757 recentiora,
907 1673 1088 1740 memoria
1104 1670 1266 1740 retinuit.

302 1801 456 1870 Ineunte
475 1801 651 1870 Hunerici
666 1822 792 1892 regno,
809 1802 996 1872 Victorem
1012 1801 1108 1868 iuter
1128 1797 1315 1885 Carthagi·
1431 1849 1433 1854 .

258 1925 315 1992 nis
330 1927 577 2015 presbyteros
599 1928 639 1993 in
655 1925 855 2016 episcopali
876 1924 1050 1993 cathedra
1070 1923 1315 2013 conspicuum

258 2052 383 2120 locum
398 2053 601 2121 obtinuisse
616 2052 809 2142 probabile
825 2058 889 2120 cst.
908 2051 1055 2119 Etenim
1070 2051 1121 2118 ibi
1138 2054 1214 2118 crat
1228 2070 1315 2117 cum

258 2179 351 2266 regis
359 2179 536 2262 notarius,
549 2178 680 2246 Vitarit
689 2179 854 2262 nomine,
865 2177 958 2245 illud
972 2177 1133 2245 edictum
1144 2175 1314 2244 sacerdo·

257 2307 355 2374 tibus
369 2308 668 2392 communicavit,
687 2329 761 2397 quo
772 2307 925 2375 facultas
941 2306 1213 2375 concedebatur
1225 2306 1313 2373 novi

258 2434 421 2523 episcopi
442 2433 611 2524 eligendi,
630 2456 673 2503 ea
691 2441 815 2503 tamen
838 2434 915 2524 lege
933 2440 972 2500 ut
988 2432 1134 2502 Arianis
1152 2433 1312 2522 quamli-

259 2561 320 2628 bet
341 2563 529 2651 regionem
550 2563 797 2632 incolentibus
819 2584 894 2630 suae
910 2562 1097 2652 religionis
1117 2563 1315 2630 observan-

258 2688 314 2756 dae
331 2660 482 2757 libertas
497 2698 603 2759 esset.
621 2691 715 2759 Tum
731 2692 894 2781 seipsum
914 2691 1058 2758 notario
1077 2688 1313 2778 respondisse

255 2815 380 2884 Victor
404 2825 587 2887 asseverat
616 2825 650 2886 et
678 2819 780 2886 illam
807 2816 1059 2907 repudiavisse
1084 2816 1308 2886 facultatem.

238 3010 243 3015 ,
256 2938 347 3023 Quis
362 2942 471 3031 igitur
486 2943 685 3011 contendat
699 2944 864 3032 aliquam
879 2965 1007 3011 earum
1023 2964 1146 3011 rerum
1167 2964 1250 3031 quae
1267 2963 1311 3010 eo

255 3071 423 3156 tempore
454 3068 560 3136 factae
590 3074 675 3137 sunt
705 3068 942 3158 Carthagine,
971 3069 1156 3136 Victorem
1188 3068 1312 3157 fugere

255 3195 446 3282 potuisse‘l
475 3194 574 3263 Vidit
604 3193 753 3263 venatos
780 3217 800 3263 a
829 3197 1041 3279 tortoribus,
1074 3201 1157 3263 ante
1185 3200 1312 3285 portas

256 3321 419 3389 ecclesiae
436 3321 676 3411 Carthaginis,
696 3321 915 3390 christianos
925 3321 994 3413 (2);
1011 3321 1103 3389 vidit
1122 3327 1185 3389 aut
1199 3320 1311 3410 plane

256 3454 444 3538 comperta
459 3449 589 3516 habuit
603 3449 740 3517 scelera
756 3471 839 3537 quae
855 3450 894 3516 in
909 3471 995 3517 suos
1010 3449 1217 3517 Hunericus
1229 3469 1311 3537 per-

254 3576 411 3664 petravit
425 3575 487 3666 (3).
516 3575 613 3659 Quid
639 3575 761 3644 dicam
786 3576 831 3643 de
851 3582 905 3644 tot
929 3576 1064 3644 exsiliis
1084 3598 1167 3665 quae
1186 3576 1312 3644 Victor

255 3708 523 3771 commemorat
533 3705 550 3770 ‘i
569 3703 655 3771 lllos
674 3704 777 3787 d,976
793 3705 987 3793 episcopos
1008 3711 1042 3773 et
1061 3706 1307 3794 presbyteroS,

255 3827 300 3897 de
321 3831 455 3919 quibus
470 3830 550 3919 jam
570 3829 714 3898 locutus
734 3852 828 3916 sum,
858 3837 1003 3900 secutus
1027 3837 1091 3915 est,
1118 3850 1310 3921 magnam-

285 4113 319 4176 (ι)
335 4113 398 4162 vat,
414 4112 470 4174 vu,
488 4115 506 4172 1,
524 4115 567 4166 50.

287 4190 319 4250 p)
338 4189 408 4247 nu,
428 4191 458 4250 u,
474 4190 544 4239 o-n.

285 4263 320 4329 (3)
338 4265 410 4325 rua,
428 4265 458 4325 u,
475 4265 558 4316 n-n.
