3142 5084
693 403 874 466 -108-

298 573 498 663 Principio,
512 575 552 639 ut
565 572 699 640 docent
713 572 954 660 grammatici,
966 570 1216 640 nominativus
1233 577 1313 641 erat

255 722 362 771 casus
380 700 528 791 subjecti
542 724 554 785 ,·
580 700 809 768 accusativus
825 703 950 768 autem
964 699 1164 768 verborum
1179 700 1313 768 transi-

253 830 415 899 tivorum
444 825 619 918 objectum
648 827 889 916 significabat,
911 830 946 895 et
971 846 1171 916 personam
1198 831 1313 917 atque

254 955 379 1023 locum
408 954 447 1020 in
474 975 585 1043 quem
611 954 705 1021 actio
734 954 837 1021 verbi
866 952 1139 1039 intendebatur,
1167 953 1314 1022 indica-

254 1080 328 1150 bat.
354 1077 531 1146 Genetivo
555 1077 856 1166 exprimebantur
880 1099 963 1166 quae
982 1098 1228 1166 personarum
1248 1085 1315 1149 aut

254 1226 379 1275 rerum
412 1205 562 1294 propria
596 1208 720 1291 erant;
756 1206 808 1272 sio
842 1210 1107 1273 enumerantur
1134 1226 1155 1273 a
1188 1225 1314 1296 gram-

256 1333 400 1402 maticis
432 1332 621 1422 genetivus
650 1332 846 1424 qualitatis,
872 1334 1061 1423 genetivus
1080 1333 1312 1423 possessione,

256 1460 445 1550 genetivus
465 1459 637 1545 materia,
656 1464 723 1527 ete.
746 1459 899 1529 Dativus
915 1459 1184 1530 attributionem
1199 1479 1315 1551 gene-

256 1588 377 1671 ratim,
401 1587 582 1656 ablativus
602 1588 779 1677 originem
799 1587 997 1656 indicabat.

300 1715 352 1784 Ita
373 1738 491 1802 casuS,
508 1738 575 1806 per
595 1738 633 1787 se
653 1719 765 1807 ipsos,
782 1717 829 1786 ad
849 1718 1109 1807 exprimendas
1125 1719 1316 1808 cogitatio-

257 1864 322 1911 nes
342 1844 462 1912 varias
478 1844 720 1943 sufficiebant.
745 1844 827 1930 Sed,
846 1845 993 1914 labente
1008 1846 1199 1931 latinitate,
1217 1847 1315 1915 nihil

258 1972 391 2038 certius
426 1993 531 2039 casus
564 1972 877 2061 significaverunt,
911 1973 1316 2064 praepositionibusque

258 2117 343 2164 cum
363 2096 508 2164 casibus
527 2096 584 2164 usi
604 2103 689 2165 sunt
708 2098 917 2187 scriptores,
935 2105 975 2167 ut
987 2101 1187 2168 sententias
1201 2101 1316 2190 plane

258 2221 473 2310 redderent,
496 2244 570 2312 quo
590 2224 631 2290 fit
649 2230 689 2291 ul
702 2225 740 2291 in
756 2225 919 2294 articulis
932 2227 995 2294 ubi
1011 2226 1057 2295 de
1073 2248 1227 2296 casuum
1243 2251 1316 2297 usu

259 2347 460 2433 disseritur,
495 2349 540 2417 de
569 2351 894 2440 praepositionibus
918 2353 1017 2442 justa
1049 2358 1083 2422 et
1104 2360 1317 2443 opportuna

260 2477 399 2547 mentio
420 2478 466 2545 sit
484 2477 546 2567 (1).

570 2692 601 2759 Ι0
624 2694 676 2762 De
696 2713 780 2762 casu
801 2695 1002 2764 acerrsatiuo

305 2879 341 2968 a)
357 2879 598 2946 Inveniuntur
612 2879 712 2969 apud
726 2879 912 2948 Victorem
932 2882 1130 2949 accusativi
1146 2883 1317 2972 exempla

261 3005 324 3094 qui
344 3024 484 3094 graeeus
499 3003 633 3072 dicitur
650 3029 657 3091 3
676 3026 800 3093 quem,
823 3027 908 3073 cum
929 3008 968 3073 in
986 3006 1140 3096 Vulgata
1160 3014 1195 3075 et
1214 3008 1318 3096 apud

261 3154 391 3202 omnes
411 3132 676 3200 ecclesiasticos
696 3133 892 3221 scriptores
916 3134 1131 3222 reperiatur,
1160 3135 1318 3203 minime

262 3258 508 3328 dubitandum
533 3262 585 3326 est
611 3259 702 3346 quin
725 3259 844 3347 plebis
871 3258 1042 3327 homines
1068 3281 1089 3327 a
1115 3245 1251 3328 Graecis
1277 3262 1319 3328 in

263 3385 490 3474 quotidianae
509 3385 594 3452 vitae
610 3405 678 3451 usu
699 3385 856 3451 mutuati
877 3385 950 3453 sint
969 3384 1020 3475 (2)
1039 3409 1045 3453 :

304 3513 489 3574 Torrentem
505 3511 709 3574 deliciarum
728 3510 802 3592 ejus
820 3516 958 3594 potatus
974 3513 1013 3591 (Ι,
1031 3513 1093 3590 49).
1120 3512 1268 3576 Induisli
1285 3519 1318 3578 te

185 3595 188 3602 ’
262 3605 525 3761 ωαέεᾶὶεἰὶῗηῗιέῑ
542 3604 612 3684 (111,
628 3606 692 3682 36).
718 3605 894 3687 Repletam
920 3625 1108 3687 porcorum
1131 3607 1318 3670 multitudi-

262 3700 415 3777 nem(*)(
450 3749 457 3778 ,
515 3704 536 3775 ).

307 3817 395 3885 Haec
420 3815 567 3884 dicendi
594 3816 835 3901 consuetudo,
868 3820 971 3886 omni
999 3825 1116 3904 aetate,
1142 3820 1318 3909 frequens

295 4066 327 4127 tl)
346 4066 401 4113 Vid.
428 4066 455 4114 F.
479 4065 582 4114 bntoine
601 4082 607 4114 :
629 4065 659 4115 de
680 4064 789 4116 Castrum
808 4067 910 4130 syntaxi
938 4067 1092 4129 Verqiliana,
1116 4067 1158 4115 ubi
1181 4067 1319 4117 luculenter

262 4155 362 4191 casuum
376 4156 461 4190 sensus
474 4145 497 4190 et
510 4157 568 4190 usus
580 4143 745 4204 explanantur
755 4142 867 4202 (Parisiis,
882 4143 1029 4201 Klinsicck„
1046 4142 1128 4207 1882).

296 4215 328 4280 (ἓ)
345 4219 373 4265 V.
392 4220 421 4264 Λ.
441 4218 545 4265 Koelrtcr.
559 4219 624 4279 apud
637 4218 739 4270 Cratior.
757 4217 795 4282 (de
810 4217 904 4267 latinii.
916 4218 987 4283 Salp.
1004 4217 1085 4284 Seu),
1102 4233 1129 4284 p.
1145 4219 1188 4270 38.

266 4311 434 4321 W

296 4352 324 4423 Γ)
342 4352 380 4403 Sic
397 4353 447 4413 Bt,
