3142 5084
535 848 760 952 INDEX
794 849 1049 954 RERUM

262 1283 460 1340 Pnoonuruu.
480 1323 1220 1342 ..........................................
1299 1289 1314 1343 7

666 1507 768 1564 PARS
789 1508 913 1565 PRIOR

314 1613 443 1684 Qualis
462 1614 708 1673 historiarum
727 1616 892 1688 scriptor
911 1617 1042 1677 victor
1061 1617 1256 1676 exstiterit
1362 1650 1368 1662 ·

660 1814 767 1873 Ourur
787 1828 910 1872 Pniuuu

260 1921 332 1984 Quae
347 1923 429 1976 mala
452 1924 566 1991 Africae
586 1924 769 1978 christiania
794 1925 962 1979 intulerint
987 1924 1173 1979 Genaericnc
1197 1929 1225 1978 et

295 2017 486 2086 Hunerieue,
504 2024 655 2074 narrante
673 2021 795 2075 Victore
813 2022 932 2076 Vitensi
936 2059 1221 2075 .................
1281 2017 1314 2073 19

712 2141 819 2198 Gurur
840 2141 868 2196 ΙΙ

258 2248 300 2300 De
319 2248 450 2302 Victoris
468 2249 603 2304 Vitensis
619 2252 816 2305 auctoritate.
834 2288 1219 2304 ......................
1280 2245 1311 2302 31

295 2342 317 2396 Ι.
334 2374 369 2383 -
385 2343 427 2398 De
442 2343 500 2398 vita
514 2343 656 2399 Victoris.
676 2384 1220 2400 ...............................
1229 2424 1231 2429 ,
1280 2341 1311 2398 31

294 2438 333 2492 Ii.
349 2469 384 2478 -
400 2437 464 2505 Quo
480 2443 648 2508 temporeet
663 2439 764 2510 quoin
780 2439 842 2497 loco
856 2439 958 2497 Victor
974 2439 1123 2496 historiam
1138 2438 1224 2508 scrip·

329 2533 396 2590 serit
403 2574 1220 2591 .............................................
1280 2534 1313 2590 37
1418 2590 1422 2594 ,

294 2631 348 2686 lli.
364 2662 399 2672 -
420 2629 492 2697 Qun
517 2647 613 2687 causae
637 2630 838 2688 vandalorum
864 2631 1063 2688 crudelitatem
1087 2630 1117 2687 in
1139 2631 1224 2687 Airos

330 2727 509 2783 exacuerint.
530 2767 1220 2784 .......................................
1280 2727 1313 2784 ii

294 2823 345 2879 lV.
359 2854 395 2863 —
410 2823 604 2880 Conseruntur
619 2839 685 2880 cum
699 2824 827 2880 Victoris
843 2824 956 2896 scriptis
973 2825 1079 2896 scripta
1100 2824 1223 2882 aliorum

327 2919 375 2989 qui
391 2917 426 2974 de
440 2917 640 2975 vandalorum
656 2918 825 2976 crudelitate
841 2920 930 2977 locuti
945 2927 1013 2976 suut
1017 2961 1218 2977 ............
1280 2922 1313 2977 55

703 3041 811 3098 Onrur
832 3042 876 3096 ΙΙΙ

694 3279 864 3290 —....-—-

606 3354 709 3411 PARS
730 3354 958 3412 POSTERIOR

501 3465 553 3520 De
572 3462 737 3522 victoris
758 3463 905 3523 dicendi
926 3475 1062 3534 genere

254 3633 289 3687 Λ.
306 3663 340 3674 -
360 3634 406 3688 Du
426 3634 578 3689 Vrcnorus
600 3646 788 3688 murmuris
796 3674 1218 3689 ........................

743 3761 816 3772 1——

658 3827 765 3883 Oarur
784 3840 909 3883 rniuuu

252 3937 294 3989 De
320 3937 510 4002 quibusdam
535 3938 622 3991 nonis
647 3942 702 3991 ant
723 3939 982 3992 insolentioribna
998 3939 1221 3993 vocabulorum

289 4034 414 4100 formis.
433 4074 456 4087 .,
469 4073 1219 4089 ..........................................

287 4127 436 4183 Articulus
453 4129 475 4182 Ι.
492 4159 527 4170 -
543 4128 586 4184 De
600 4128 767 4185 nominibus
783 4128 970 4186 substantivis
977 4170 1216 4186 ..............
1277 4129 1311 4186 79

322 4222 336 4294 5
353 4224 377 4278 i.
395 4254 431 4263 —
446 4223 489 4279 De
504 4222 677 4294 quibusdam
693 4239 813 4281 casuum
833 4224 932 4281 formis
940 4266 1215 4281 ................
1277 4224 1312 4281 79

212 4338 216 4343 ·
323 4318 337 4391 5
355 4319 382 4374 2.
405 4349 440 4362 -
457 4319 499 4376 De
515 4319 632 4376 mutatis
646 4319 885 4378 declinationibus
892 4359 1218 4378 ...................
1277 4320 1309 4376 81
