3142 5084
701 421 862 481 ..59-

256 588 590 655 innumerabilibus
610 592 644 655 et
664 584 825 654 infandis
844 586 952 655 malis
981 585 1205 677 depopulata
1225 593 1304 675 est;

257 713 349 782 nulli
369 714 483 798 sexui,
506 712 598 780 nulli
616 733 772 801 parcens
792 712 901 796 aetati,
920 732 988 779 nec
1003 712 1091 800 ipsis
1106 712 1175 780 Dei
1190 734 1308 781 sacer-

256 839 404 907 dotibus
424 838 481 906 vel
503 838 692 922 ministriS,
724 858 792 904 nec
822 837 911 925 ipsis
936 838 1174 906 ecclesiarum
1200 860 1307 906 orna·

257 963 431 1032 mentis...
456 962 525 1031 Vix
543 966 616 1029 tres
641 962 852 1050 superstites
873 961 974 1029 fuere
994 985 1038 1030 ex
1056 964 1307 1032 innumerabi-

256 1091 352 1159 libus
368 1091 543 1176 ecclesiiS,
556 1091 628 1158 hoc
644 1095 709 1175 est,
723 1090 1044 1181 Carthaginiensis
1058 1091 1306 1182 Hipponensis

257 1223 292 1287 et
312 1218 486 1287 Cirtensis
500 1218 552 1308 (1)
572 1241 602 1284 1).
695 1274 698 1278 ,
1229 1191 1232 1197 ’

302 1345 360 1413 Sic
374 1345 535 1413 breviter
553 1344 742 1412 Possidius
766 1345 890 1412 retulit
915 1366 998 1434 quae
1024 1346 1161 1431 Victor,
1182 1368 1308 1436 perse·
1380 1390 1382 1394 .

257 1474 415 1542 cutionis
433 1472 637 1542 vandalicae
657 1473 824 1560 scriptor,
841 1472 958 1539 fusius
974 1473 1193 1561 explanavit.
1216 1474 1308 1558 Quae

257 1621 372 1691 quam
388 1622 474 1669 vera
494 1598 665 1667 habenda
690 1599 762 1666 sint
780 1621 978 1688 possumus
1003 1601 1114 1669 etiam
1138 1603 1307 1691 colligere

258 1750 301 1798 ex
333 1729 487 1818 epistola
523 1748 636 1816 quam
666 1725 867 1814 Capreolus
899 1728 1093 1817 episcopus
1128 1730 1307 1819 carthagi·
1338 1815 1340 1819 y

257 1859 407 1942 niensis,
425 1857 598 1925 invitatus
614 1860 654 1922 ut
664 1854 711 1922 ad
724 1853 860 1943 Ephesi
877 1855 1076 1923 concilium
1086 1859 1227 1925 veniret
1242 1859 1305 1949 (2),

256 1987 366 2074 hujus
399 1985 545 2053 concilii
583 1984 748 2072 patribus
781 1984 944 2072 scripsit,
980 2003 1117 2073 negans
1150 2007 1207 2070 se,
1242 2008 1309 2075 per

257 2119 475 2202 occupatam
495 2133 515 2179 a
534 2110 710 2179 Vandalis
738 2110 910 2195 Africam,
933 2112 1001 2179 iter
1019 2112 1138 2194 facere
1162 2136 1270 2202 posse
1299 2137 1306 2181 :

259 2259 275 2303 1(
295 2236 436 2319 Omnis,
454 2236 585 2323 inquit,
604 2235 674 2302 hac
688 2241 904 2324 tempestate
919 2235 1033 2326 (anno
1048 2238 1129 2328 431)
1144 2223 1213 2307 'viae
1233 2239 1309 2308 adi-

257 2368 315 2429 tus
329 2361 531 2451 praeclusus
547 2367 611 2428 est.
630 2360 776 2429 Etenim
795 2363 908 2430 effusa
928 2363 1091 2431 hostium
1110 2365 1308 2434 multitudo

257 2489 397 2577 iugem,
415 2487 553 2576 ubique
572 2487 848 2575 provinciarum
872 2488 1038 2572 vastatio,
1061 2510 1144 2576 quae
1164 2488 1307 2574 11100110,

256 2614 391 2702 partim
418 2614 597 2697 extinctis
623 2613 758 2700 partim
785 2613 823 2679 in
850 2592 973 2701 fugam
1000 2614 1106 2698 actiS,
1135 2615 1309 2681 miseram

258 2740 497 2809 desolationis
519 2742 680 2830 speciem
705 2761 1007 2830 quoquoversum
1033 2741 1140 2830 longe
1164 2741 1310 2831 lateque

256 2869 464 2958 porrigitur,
488 2869 604 2936 oculis
631 2868 748 2954 offert,
770 2874 982 2957 promptam
1006 2868 1108 2936 illam
1137 2868 1310 2936 veniendi

256 2994 520 3084 (occasionem)
540 2995 707 3083 reprimit
725 2994 787 3084 (3).
812 3017 828 3060 »

301 3121 389 3189 Haec
398 3123 536 3207 omnia,
550 3121 718 3189 nondum
732 3127 838 3210 capta
851 3121 1083 3210 Carthagine,
1099 3128 1307 3192 evenerant.

258 3249 329 3319 Sed
348 3256 546 3339 postquam
567 3252 655 3318 urbs
674 3251 737 3318 illa
761 3252 799 3317 in
820 3250 1072 3318 Vandalorum
1091 3257 1311 3339 potestatem

256 3382 418 3461 venerat,
449 3377 556 3444 multi
583 3397 712 3444 eorum
738 3376 801 3464 qui
829 3375 1019 3442 nobilitate
1049 3382 1083 3442 et
1112 3375 1247 3443 divitiis
1276 3380 1311 3443 et

257 3504 432 3593 religione
458 3503 644 3570 clarebant
668 3503 707 3568 in
733 3502 902 3569 exsilium
930 3502 1032 3568 missi
1062 3507 1158 3586 sunt,
1181 3508 1243 3569 aut
1271 3503 1310 3569 in

257 3632 470 3700 servitutem
488 3629 650 3717 redacti,
673 3636 724 3714 ut,
747 3629 896 3696 illorum
913 3630 975 3718 qui
996 3629 1124 3696 Romae
1143 3631 1309 3718 partibus

256 3755 428 3824 favebant
443 3757 592 3823 nemine
607 3757 658 3823 ihi
674 3761 900 3839 remanente,
920 3754 1100 3845 Carthago
1114 3754 1308 3824 vandalica

257 3884 345 3950 urhs
365 3884 518 3951 omnino
539 3882 721 3951 evaderet.
743 3883 827 3950 lllas
847 3883 1071 3951 calamitates
1086 3882 1212 3951 Victor
1233 3905 1310 3950 non

287 4168 322 4232 (l)
340 4168 470 4228 Possidius,
493 4168 548 4218 Vna
566 4168 702 4231 nequeunt
715 4168 779 4231 (cap.
798 4169 851 4232 28).

289 4245 321 4307 (2)
340 4247 420 4295 llensc
433 4244 502 4305 junio
519 4243 563 4293 431
581 4245 703 4293 habitum.

289 4323 320 4383 (3)
341 4321 386 4369 Ph.
401 4321 489 4380 Lahbc,
507 4318 627 4380 Concilio,
644 4320 686 4380 111,
702 4320 747 4370 col.
762 4317 816 4369 529.
