3142 5084
653 424 833 485 -145-

210 588 387 678 populare
401 593 553 676 penates
568 589 738 658 ucriinun.
758 590 810 659 Cf.
829 590 968 659 Horat:
985 591 1138 659 Proteus
1153 612 1265 680 pecus

215 712 285 802 epit
305 713 397 781 altos
418 714 527 782 visere
546 720 692 783 montes
710 716 794 806 (ou.
811 716 838 801 I,
856 718 888 801 2,
907 718 953 806 7).
977 716 1029 786 Cf.
1052 718 1149 785 hanc
1162 718 1266 789 locu-

214 841 356 909 tionem
375 842 563 910 multoties
586 844 625 909 in
644 842 796 911 Homeri
821 846 995 933 operibus
1020 853 1234 935 usurpatam
1257 867 1264 914 :

217 971 263 1053 Βῆ
280 970 385 1038 δ’ἱέναι
471 991 584 1059 quarn
605 991 703 1059 saepe
722 970 848 1040 videre
873 977 927 1039 est
953 973 1053 1061 apud
1077 974 1264 1040 comicos:

215 1093 390 1184 (Terent,
413 1095 496 1164 Hcc.
529 1095 609 1185 114)
631 1119 638 1163 :
664 1097 708 1164 Iit
735 1097 864 1165 uidere.
894 1097 958 1165 llle
985 1099 1155 1167 infinitivi
1181 1119 1268 1165 usus

215 1222 375 1290 multum
395 1223 515 1290 arrisit
536 1223 789 1292 ecclesiasticis
810 1225 1062 1313 scriptoribus,
1087 1232 1199 1314 atque
1219 1227 1268 1292 ita

214 1354 254 1416 ut
273 1369 544 1437 supervacuum
559 1351 604 1417 sit
619 1350 717 1418 illius
732 1351 1016 1419 constructionis
1032 1352 1200 1441 exempla
1214 1372 1269 1419 re-

215 1495 381 1562 censere,
397 1497 481 1566 quae
492 1480 616 1545 tamen
632 1498 708 1544 non
724 1478 839 1545 multa
851 1483 935 1546 sunt
950 1478 1050 1568 apud
1060 1478 1266 1548 Victorem:

222 1603 393 1674 Venturos
414 1610 468 1672 est
480 1606 649 1695 judicare
671 1604 730 1695 (ll,
752 1606 836 1695 65);
859 1611 1026 1675 uenturus
1046 1613 1099 1675 est
1119 1628 1269 1698 ur'puerc

215 1731 475 1821 (11,90).-Cf.
496 1733 579 1823 Opt.
598 1734 720 1802 Milev.
738 1758 744 1802 :
762 1735 846 1802 Pati
859 1741 1014 1821 venerut,
1030 1757 1106 1803 non
1128 1735 1270 1824 delendi

215 1858 289 1949 (111,
311 1860 358 1951 ⁷).
1027 1871 1033 1876 ·

261 1987 525 2077 d)lntinitivus
544 1997 627 2079 post
646 1991 759 2059 verba
779 1990 961 2059 sentiendi
981 1995 1016 2059 et
1042 1990 1266 2060 declarandi.

261 2115 341 2184 Mos
361 2123 449 2202 erat,
473 2117 589 2185 multo
615 2123 699 2185 ante
723 2117 879 2186 Victoris
906 2124 1086 2208 tempora,
1115 2119 1212 2207 quod
1235 2124 1270 2186 et

218 2243 303 2332 quio
323 2264 408 2312 cum
423 2244 622 2313 indicativo
643 2252 705 2313 aut
725 2246 959 2335 subjunctivo
979 2245 1144 2335 ponendi
1164 2246 1203 2312 in
1218 2245 1270 2312 lo·

216 2392 301 2440 cum
313 2373 506 2441 accusativi
518 2394 598 2440 cum
615 2373 802 2461 infinitivo.
816 2373 904 2441 Haec
918 2375 1140 2441 constructio
1157 2393 1269 2462 quam

85 2513 90 2532 ·
217 2498 403 2588 quidama
420 2498 555 2568 Graecis
570 2502 783 2590 provenisse
799 2501 964 2585 credunt,
978 2503 1058 2590 jam
1074 2501 1113 2566 in
1128 2500 1269 2567 honore

217 2633 305 2712 erat,
327 2628 447 2716 prima
461 2629 659 2696 latinarum
679 2630 883 2697 litterarum
904 2635 1021 2713 aetate,
1039 2634 1075 2696 at
1095 2627 1216 2695 solum
1231 2627 1270 2694 in

216 2753 362 2842 plebeio
381 2773 552 2823 sermone
572 2760 607 2823 θῖ
627 2754 727 2844 apud
747 2756 920 2823 comicos.
944 2754 1062 2821 Plaut.
1084 2753 1183 2822 Asin.
1201 2752 1266 2819 52:

275 2880 357 2948 Scio
373 2881 452 2968 jam
477 2881 575 2949 filius
596 2883 693 2971 quod
717 2888 812 2950 ornet
838 2903 943 2949 meus
972 2882 1081 2948 istam
1107 2881 1271 2947 meretri-

218 3005 710 3095 cem—Inveniturquodin
722 3004 1271 3096 quibusdamBelliHispanien-

217 3132 266 3199 sis
285 3132 389 3216 locis,
412 3138 522 3222 atque
542 3133 642 3221 apud
668 3132 884 3201 Petronium
910 3139 944 3200 et
970 3132 1169 3222 Apuleium
1188 3133 1239 3222 (1)
1262 3155 1269 3218 ;

219 3281 291 3349 qua
303 3261 575 3329 constructione
589 3261 694 3328 abusi
709 3267 794 3328 sunt
810 3261 1045 3329 ecclesiastici
1060 3261 1268 3349 scriptores,

217 3388 275 3456 vel
298 3388 351 3455 illi
385 3390 449 3478 qui
482 3390 642 3478 purioris
668 3390 849 3457 sermonis
883 3393 986 3457 erant
1013 3388 1270 3457 amantissimi.

216 3514 312 3586 Nam
335 3517 547 3585 Lactantius
572 3518 650 3607 ipse
675 3518 819 3606 scripsit
845 3540 851 3583 :
938 3517 1011 3585 Scit
1038 3516 1122 3605 quio
1142 3516 1272 3584 mortis

217 3648 267 3711 est
290 3642 501 3712 fabricatrix
526 3644 695 3733 voluptas
716 3645 814 3734 (Inst.
838 3645 926 3729 diu,
951 3643 1011 3727 VI,
1032 3643 1087 3727 22,
1116 3641 1163 3731 5).
1194 3641 1273 3709 Hoc

132 3848 135 3853 ,
220 3770 372 3859 quidem
393 3771 485 3839 mihi
504 3770 650 3839 videtur
670 3770 939 3839 annotandum.
967 3770 1061 3837 Cum
1087 3769 1186 3837 enim
1215 3769 1273 3834 in-

216 3876 349 3966 finitivi
368 3918 457 3965 usus
476 3897 627 3964 liberior
647 3902 681 3964 et
705 3896 814 3963 latior
833 3897 872 3961 in
900 3894 978 3962 dies
999 3900 1104 3979 esset,
1127 3915 1272 3963 accuso-

221 4025 312 4093 tious
332 4046 413 4094 cum
433 4024 609 4112 infinitivo
636 4026 755 4092 rarior
774 4024 896 4108 fiebat,
920 4029 954 4091 et
981 4024 1020 4091 in
1047 4024 1125 4110 ejus
1150 4022 1274 4090 locum

218 4154 546 4237 substituebantur,
563 4154 642 4223 sine
659 4152 885 4237 discrimine,
903 4151 1124 4220 indicativus
1139 4155 1174 4218 ct
1192 4151 1276 4217 sub-

252 4379 287 4444 (1)
305 4381 337 4431 K.
356 4379 424 4431 Sittl.
444 4379 484 4444 (p.
505 4379 558 4440 110,
575 4380 639 4442 sul.
1077 4439 1112 4500 M
