3142 5084
702 425 881 488 -139-

304 591 431 662 Sedere
445 593 546 684 (cum
561 594 785 683 accusativo)
808 617 815 661 :

300 717 345 782 Ut
359 738 463 783 suum
481 738 704 803 nequaquam
719 718 843 783 sederet
857 720 1010 785 thronum
1027 722 1082 802 (ll,
1099 724 1143 801 8).

304 849 465 949 Statuere
484 850 585 941 (cum
605 856 763 919 accusat.
782 851 989 943 gerundivi)
1007 876 1014 920 :

300 972 424 1037 Statuit
433 975 646 1057 requirendos
661 976 841 1040 haereticos
856 977 910 1057 (ll,
929 981 970 1055 1).

622 1180 637 1268 j
656 1180 689 1247 2.
712 1220 756 1230 -
775 1201 823 1248 nn
842 1200 951 1250 nolus

213 1372 217 1387 “
272 1354 299 1423 Ι.
322 1397 365 1404 -
384 1356 436 1425 De
457 1357 652 1426 indicativo
672 1363 704 1426 et
722 1357 946 1449 subjunctivo
967 1360 1059 1429 inter
1076 1381 1111 1429 se
1131 1360 1295 1451 confusis.

302 1517 405 1587 Adeo
424 1521 636 1609 frequenter
654 1522 692 1589 in
707 1521 864 1591 Victoris
883 1522 977 1591 libro
997 1529 1200 1613 ponuntur,
1221 1525 1313 1593 alter

258 1646 297 1713 in
328 1646 477 1715 alterius
505 1648 642 1734 locum,
673 1649 894 1718 indicativus
922 1657 956 1719 et
976 1652 1242 1740 subjunctivus,
1272 1657 1312 1719 ut

259 1773 320 1878 viv
339 1773 473 1863 aliquis
487 1775 680 1843 enucleare
700 1756 902 1865 queat'qua
923 1778 1065 1845 ratione
1090 1776 1151 1844 hic
1170 1776 1311 1844 indica-

259 1901 388 1985 tivum,
410 1901 485 1969 illic
505 1908 629 1970 autem
649 1904 925 1991 subjunctivum
944 1904 1069 1972 Victor
1087 1903 1308 1973 adhibuerit.

258 2025 347 2115 Ejus
367 2028 468 2096 enim
483 2035 601 2115 aetate,
619 2051 731 2098 omne
745 2031 820 2099 fere
836 2030 1035 2099 discrimen
1055 2032 1151 2100 inter
1169 2031 1311 2101 indica-

258 2155 375 2223 tivum
395 2161 430 2223 et
449 2158 725 2246 subjunctivum
746 2158 909 2228 deletum
929 2165 1017 2244 erat,
1039 2165 1079 2228 ut
1097 2158 1224 2228 videre
1244 2166 1308 2245 cst,

257 2304 342 2351 cum
358 2284 458 2371 apud
473 2286 670 2375 scriptores
686 2286 951 2354 ecclesiasticos
965 2287 1028 2375 qui
1047 2287 1233 2355 Victorem
1248 2307 1312 2355 an·

257 2414 493 2494 tecesserunt,
525 2416 604 2477 tum
632 2408 732 2500 apud
753 2415 918 2494 caeteroS,
940 2416 980 2477 ut
1007 2409 1223 2498 Corippum,
1246 2410 1311 2499 qui

256 2539 370 2605 secuti
398 2543 503 2623 sunt;
522 2538 622 2627 apud
647 2559 752 2628 quos,
784 2539 823 2605 in
843 2538 994 2627 obliqua
1015 2538 1193 2622 oratione,
1225 2559 1311 2606 cum

256 2665 346 2733 boni
365 2670 534 2733 auctores
554 2666 831 2753 subjunctivum
851 2664 1118 2749 adhibuissent,
1140 2665 1237 2754 leges
1256 2666 1312 2733 in·

257 2803 480 2890 dicativum3
499 2804 627 2889 immo,
645 2805 684 2871 in
700 2804 830 2872 eadem
851 2804 1115 2888 enuntiatione,
1134 2804 1210 2871 sive
1225 2824 1312 2872 con-

250 2930 417 3018 junctiva
432 2930 509 2998 sive
524 2930 686 3015 relativa,
706 2928 780 2997 duo
796 2929 849 2996 illi
863 2928 977 3013 modi,
992 2933 1032 2997 ut
1045 2929 1114 2997 fert
1123 2929 1310 3018 scriptoris

254 3055 383 3139 libid0,
401 3056 613 3125 miscentur.

300 3181 421 3264 Quam
450 3205 529 3252 rem
562 3185 718 3252 minime
749 3184 875 3251 mirari
903 3182 1093 3251 debemus.
1115 3183 1157 3248 ln
1185 3182 1310 3250 multis

256 3308 355 3377 enim
375 3310 478 3394 locis,
501 3309 595 3379 adeo
614 3310 709 3379 levia
725 3316 810 3378 sunt
827 3309 1040 3378 discrimina
1060 3309 1194 3398 quibus
1217 3308 1311 3376 indi-

255 3437 363 3504 cativi
379 3442 442 3505 aut
457 3438 681 3525 subjunctivi
698 3435 901 3505 adhibendi
916 3437 1114 3505 necessitas
1128 3434 1310 3524 dignosci-

255 3566 325 3646 tur,
344 3567 383 3630 ut
399 3583 441 3630 ca
457 3562 719 3630 tantummodo
734 3584 755 3630 a
770 3563 879 3630 bonae
895 3562 1084 3629 latinitatis
1099 3561 1310 3629 auctoribus

254 3679 445 3779 perspecta
474 3691 610 3759 fuerint
633 3712 640 3775 3
663 3691 726 3778 qui
756 3690 911 3777 cogitata
938 3710 1004 3756 sua
1033 3694 1072 3755 ut
1100 3688 1310 3777 diligentius

255 3815 532 3906 distinguerent,
554 3817 798 3885 indicativum
818 3821 881 3883 aut
900 3816 1176 3904 subjunctivum
1204 3815 1311 3883 adhi-

253 3941 379 4028 buere,
396 3949 506 4031 prout
529 3964 674 4032 eaquae
695 3943 764 4032 ipsi
795 3948 857 4010 aut
877 3943 938 4010 alii
958 3943 1142 4011 faciebant
1166 3948 1201 4011 et
1227 3965 1310 4012 scn-

252 4071 404 4156 tiebant,
423 4076 526 4139 erant
542 4071 793 4159 exprimenda.
810 4070 927 4158 Hujus
941 4070 1152 4138 subtilitatis
1168 4091 1244 4138 non
1260 4072 1310 4139 ita

253 4198 389 4266 curiosi
408 4197 556 4266 fuerunt
574 4198 709 4287 plebeii
737 4198 930 4284 bomines3
953 4198 1028 4286 qui,
1049 4197 1207 4287 exempli
1229 4216 1310 4287 gra·

253 4326 315 4410 tia,
334 4346 419 4394 cum
438 4325 567 4415 probae
586 4325 775 4395 latinitatis
796 4326 991 4414 scriptores
1012 4323 1175 4393 dicerent
1193 4323 1309 4394 nescio
