3142 5084
714 400 872 463 ..52-

309 673 379 740 Sed
395 673 540 742 illarum
557 696 680 742 rerum
697 697 789 764 quas
801 675 925 743 Ariani
941 678 1016 766 regi
1026 698 1092 744 suo
1108 681 1314 760 suaserunt,

263 800 542 868 sceleratissima
565 807 618 868 est
637 802 939 890 carthaginiensis
963 804 1123 887 collatio,
1149 802 1234 871 ideo
1259 824 1316 870 so-

262 926 353 1012 lum,
374 929 403 995 si
423 928 560 995 Victori
580 927 720 1010 credas,
744 927 881 1011 habita,
904 933 943 996 ut
963 950 1093 996 omnes
1115 930 1316 998 catholicos

263 1057 315 1123 illi
331 1056 539 1146 perderent.

306 1184 492 1253 Vandalos
508 1185 607 1252 enim
626 1184 752 1252 Victor
771 1190 918 1252 accusat
939 1183 1039 1273 quod
1054 1184 1315 1274 impediverint

262 1312 461 1400 quominus
480 1311 544 1378 illa
560 1311 706 1378 collatio
726 1311 821 1379 hene
842 1310 1053 1379 succederet
1072 1335 1079 1397 3
1107 1310 1314 1418 Hunericus

261 1459 348 1506 vero
371 1437 532 1506 declarat
559 1438 759 1505 catholicos
781 1438 893 1506 fuisse
913 1439 1092 1506 tumultus
1113 1442 1281 1506 auctores
1304 1461 1311 1505 :

262 1567 491 1654 quaeomnia
507 1571 689 1654 quatenus
708 1585 794 1632 vera
811 1566 884 1632 sint
903 1565 1168 1654 inquirendum
1188 1570 1252 1634 est.

305 1691 374 1759 Vix
388 1691 483 1759 lecto
499 1690 673 1759 Hunerici
685 1690 818 1774 edict0,
835 1691 1024 1758 christiani
1041 1691 1222 1760 universae
1232 1712 1314 1780 per·

262 1820 462 1887 secutionis
483 1818 580 1886 mala
600 1818 669 1886 sibi
689 1819 885 1886 imminere
906 1824 1110 1886 senserunt.
1132 1818 1227 1887 Nam
1248 1839 1313 1885 au-

260 1945 445 2014 dientibus
461 1967 537 2013 non
553 1965 635 2034 spes
651 1944 818 2028 dabatur,
842 1945 906 2013 sed
927 1946 1038 2013 timor
1052 1945 1312 2014 tantummodo

261 2073 508 2140 incutiebatur
527 2073 605 2139 istis
621 2071 729 2140 edicti
745 2073 891 2140 verbis:
915 2095 933 2138 c
953 2072 994 2138 ln
1014 2073 1214 2164 provinciis
1234 2095 1313 2141 nos-

260 2199 323 2267 tris
354 2221 376 2266 n
407 2200 482 2267 Deo
505 2199 608 2267 nobis
640 2199 807 2267 concessis
840 2198 1057 2267 scandalum
1094 2222 1172 2269 esse
1203 2201 1311 2268 nolu-

258 2351 341 2396 mus
361 2327 423 2418 (1).
448 2351 464 2394 ))
493 2328 583 2411 Quae
604 2349 626 2394 a
651 2326 910 2395 minitabundo
935 2329 1087 2396 homine
1112 2328 1209 2396 dicta
1233 2350 1312 2397 esse

258 2453 489 2522 videbantur.
509 2452 617 2537 Quod
629 2454 658 2520 si
674 2452 892 2537 Hunericus,
904 2452 951 2520 ad
961 2475 1092 2542 pacem
1105 2454 1311 2522 secundum

257 2578 420 2647 humana
443 2581 527 2667 jura
551 2576 766 2662 ineundam,
790 2580 983 2667 episcopos
1004 2580 1215 2668 congregari
1230 2580 1310 2668 jus-

257 2708 373 2790 sisset,
391 2708 437 2774 ab
454 2707 556 2773 omni
572 2704 816 2772 immoderata
833 2712 868 2773 et
883 2707 1150 2775 contumeliosa
1162 2707 1309 2775 dicendi

256 2834 397 2901 ratione
418 2833 663 2916 abstinuisset,
682 2853 755 2920 qua
775 2833 986 2900 convocatis
1007 2833 1189 2922 episcopis
1208 2834 1310 2921 pacis

256 2959 472 3027 desideratae
499 2981 582 3048 spes
609 2958 852 3026 adimebatur.
886 2959 1067 3027 Praeterea
1096 2961 1178 3048 quis
1205 2964 1310 3048 neget

256 3088 483 3155 Hunericum
504 3086 673 3154 simulate
694 3087 820 3175 egisse,
843 3108 928 3154 cum
950 3087 1144 3176 episcopos
1164 3087 1211 3155 ad
1230 3109 1309 3154 rem

255 3214 498 3300 tractandam,
531 3237 614 3304 quae
634 3216 752 3299 toties,
775 3216 814 3281 in
840 3215 1017 3299 conciliis,
1041 3236 1061 3282 a
1087 3214 1309 3283 doctissimis

255 3346 438 3435 episcopis
452 3344 570 3411 fuerat
584 3348 747 3427 tractata,
761 3343 954 3409 invitaret‘?
968 3343 1067 3411 Num
1082 3364 1123 3410 ea
1139 3363 1197 3410 res
1213 3364 1309 3410 nova

254 3472 336 3540 luce
356 3471 529 3540 illustrari
549 3474 692 3558 poterat
707 3471 724 3535 ἶ)
743 3469 842 3537 Num
856 3468 984 3536 Ariani
1000 3490 1161 3557 quorum
1177 3469 1251 3537 dux
1271 3489 1309 3536 se

255 3599 367 3666 latine
387 3599 490 3686 loqui
506 3598 648 3664 nescire
663 3597 837 3684 jactabat,
857 3600 961 3663 erant
981 3595 1164 3665 doctiores
1178 3597 1308 3685 primis

254 3725 329 3792 Arii
351 3724 582 3805 adversariis,
602 3723 660 3791 vel
680 3722 811 3790 Africae
832 3724 1015 3812 episcopis
1035 3744 1192 3792 numero
1213 3744 1308 3812 prae-

254 3852 478 3946 pollentibus
503 3856 537 3918 et
561 3872 748 3918 sacrarum
775 3850 979 3918 litterarum
1009 3850 1203 3941 disciplina
1232 3852 1309 3918 ins·

255 3978 413 4045 tructis‘?
433 3976 617 4067 Equidem
636 3976 676 4043 id
695 3976 922 4044 Hunericum
943 3998 1019 4044 non
1043 3976 1214 4066 fugiebat.
1236 3976 1308 4043 Ita-

255 4127 339 4194 que,
371 4106 400 4171 si
432 4107 572 4194 optima
600 4103 674 4172 fide
703 4105 844 4192 egisset,
874 4125 1025 4172 omnem
1055 4102 1100 4172 de
1131 4103 1307 4172 Trinitate

287 4357 320 4422 (l)
339 4356 451 4405 Hunerici
467 4355 585 4404 edietum.
605 4355 667 4404 vict.
687 4355 744 4413 vit,
762 4356 791 4415 ll,
808 4354 850 4401 39.
