3142 5084
698 402 859 463 ..51-

299 569 469 658 Denique
489 567 695 637 Constantii
715 589 915 654 successor,
932 567 1078 652 Valens,
1097 568 1143 635 ab
1170 567 1306 636 arianis

256 697 438 786 episcopis
447 697 731 781 circumventus,
743 696 996 765 crudelissime
1007 696 1182 766 adversus
1191 695 1308 764 chris·

255 823 377 889 tianos
397 843 435 889 se
454 822 562 911 gessit
585 845 592 908 3
614 822 677 910 qui
697 821 973 910 provinciarum
992 820 1174 909 praefectis
1193 821 1309 909 impe-

257 946 349 1013 ravit
369 951 408 1012 ut
423 946 624 1014 catholicos
644 947 837 1036 episcopos
853 948 928 1015 suis
943 946 1092 1015 sedibus
1107 948 1307 1036 privarent,

258 1094 351 1162 quos
365 1073 545 1158 Julianus,
567 1076 710 1142 tametsi
732 1077 932 1143 acerrimus
948 1075 1104 1143 deorum
1124 1074 1307 1160 defensor,

258 1200 304 1266 ab
321 1200 448 1267 exsilio
464 1208 710 1268 revocaverat.
732 1201 785 1269 lta
804 1203 974 1290 pessimis
988 1201 1211 1270 Asianorum
1227 1202 1311 1269 arti-

188 1321 195 1326 ’
258 1325 339 1408 bus,
362 1306 427 1391 res
440 1324 738 1408 christianorum,
760 1326 798 1391 in
825 1323 985 1411 Oriente,
1015 1325 1063 1393 ad
1089 1325 1312 1415 desperatio·

206 1473 208 1478 ·
259 1471 346 1518 nem
367 1450 536 1518 adductae
556 1456 653 1535 sunt,
683 1450 784 1539 quod
803 1456 982 1520 testantur
1004 1452 1177 1541 quaedam
1195 1452 1312 1520 sancti
1405 1432 1407 1439 i

260 1574 384 1643 Basilii
401 1577 578 1666 epistolae,
592 1598 749 1665 quarum
758 1598 876 1665 pauca
885 1578 1020 1645 referre
1037 1577 1146 1645 libet:
1166 1601 1183 1644 (1
1197 1576 1313 1645 Abac-

260 1703 306 1770 tis
325 1705 545 1792 pastoribus,
563 1705 695 1792 inquit,
713 1704 998 1773 introducuntur
1014 1705 1092 1793 lupi
1107 1723 1233 1793 graves
1249 1703 1311 1792 qui

262 1829 396 1897 Christi
423 1849 568 1920 gregem
593 1830 817 1920 discerpunt.
844 1831 1006 1900 Desertae
1027 1829 1161 1898 domus
1181 1831 1314 1897 oratio·

262 1957 331 2040 nis,
354 1976 423 2024 nec
440 1957 641 2045 quisquam
669 1957 707 2023 in
735 1958 787 2024 eis
808 1962 1074 2046 congregatur3
1097 1955 1314 2024 solitudines

262 2083 551 2151 lamentantibus
559 2084 701 2151 refertae
715 2083 777 2172 (1).
793 2106 809 2150 1
826 2083 872 2150 Et
880 2084 969 2151 alias
983 2106 990 2150 :
1011 2083 1196 2171 «Jamque
1212 2103 1315 2170 aper-

262 2216 298 2278 te
324 2211 520 2298 praemium
541 2211 739 2298 impietatis
758 2211 985 2299 principatus
1005 2210 1225 2298 praepositus
1248 2212 1312 2292 est,

262 2337 312 2403 ita
326 2336 440 2424 utqui
453 2336 637 2425 graviores
650 2336 900 2425 blasphemias
915 2341 1077 2403 ructatus
1093 2342 1157 2420 est,
1172 2334 1317 2424 dignior

264 2460 444 2528 habeatur
457 2461 520 2549 qui
539 2461 679 2550 populo
700 2456 899 2550 episcopud
911 2461 1036 2549 praesit
1054 2461 1116 2552 (2).
1137 2485 1153 2528 11

309 2586 366 2654 En
395 2587 518 2676 qualia
544 2588 691 2654 fuerunt
717 2587 940 2654 Asianorum
962 2609 1074 2676 opera
1097 2589 1103 2654 l
1129 2587 1175 2656 At
1198 2589 1315 2655 multo

265 2714 436 2782 miserior
451 2715 561 2781 etiam
578 2715 749 2791 africanae
764 2713 938 2782 Ecclesiae
955 2719 1069 2782 status
1085 2715 1233 2783 effectus
1249 2721 1314 2798 est,

266 2840 329 2906 ubi
346 2836 446 2927 apud
467 2839 645 2906 barbaros
669 2858 771 2927 reges
791 2838 844 2905 illi
865 2840 980 2928 magis
999 2838 1189 2927 pollebant
1205 2859 1318 2927 quam

266 2964 641 3054 apudimperatores3
659 2986 746 3032 nam
762 2965 787 3031 ii
804 2959 1024 3039 christiahos
1040 2965 1206 3050 oderant,
1224 2965 1319 3032 Van·

266 3094 340 3162 dali
375 3094 676 3163 reformidabant.
706 3094 854 3162 Timore
882 3101 1005 3162 autem
1036 3096 1179 3163 facilius
1206 3115 1319 3182 quam

268 3219 354 3289 odio
375 3219 422 3287 ad
450 3220 613 3288 crudelia
639 3219 885 3309 perpetranda
912 3221 1026 3288 animi
1050 3226 1325 3309 praeparantur.‘

266 3348 394 3436 ltaque
414 3347 610 3415 calumniis
630 3352 665 3414 et
684 3348 901 3415 criminibus
921 3346 1121 3414 catholicos
1141 3347 1321 3414 insectan-

269 3472 329 3559 do,
361 3474 547 3541 Hunerico
577 3479 680 3541 erant
702 3474 958 3562 acceptissimi,
983 3479 1022 3539 ut
1043 3474 1112 3540 viri
1135 3465 1321 3542 Vandalo-

269 3623 353 3669 rum
372 3601 482 3669 rebus
502 3601 701 3668 servientes
724 3622 731 3685 ;
753 3601 869 3666 immo
894 3598 1081 3668 crudelem
1109 3600 1202 3689 regis
1227 3599 1322 3666 iram

269 3748 290 3794 a
310 3748 348 3795 se
369 3725 624 3810 deflectebant,
643 3727 718 3815 qui,
737 3731 778 3793 ut
795 3726 876 3813 jam
895 3724 1068 3810 vidimus,
1090 3726 1148 3793 vel
1168 3726 1323 3812 minima

269 3853 479 3941 suspicione
500 3851 684 3936 inductus,
707 3853 941 3941 presbyteros
964 3853 1111 3919 arianos
1135 3857 1169 3919 et
1190 3851 1324 3920 1001111-
1357 3946 1360 3952 ·

270 3977 360 4047 dum
380 3979 503 4068 ipsum
523 3978 770 4068 patriarcham
787 3978 999 4047 obtruncari
1014 3978 1123 4066 jussit
1137 3977 1199 4068 (3).

302 4238 336 4303 (l)
348 4239 391 4287 8²⁰⁸
403 4239 506 4288 Basilius
521 4255 526 4287 :
543 4239 626 4303 Epist.
646 4240 685 4290 90.

303 4317 336 4381 (2)
350 4317 395 4365 8¹⁰⁵
411 4316 513 4365 Basilius
529 4333 534 4364 :
550 4316 629 4380 Epist.
642 4316 683 4367 91.
699 4345 729 4352 -
740 4318 776 4366 Cf.
797 4319 932 4380 Iungmann
948 4318 1009 4381 (loco
1025 4316 1119 4379 citato).

301 4389 334 4454 (3)
353 4390 523 4456 1011101111.
540 4391 604 4454 109).
