3142 5084
699 420 881 483 „133-

258 589 415 658 videtur.
432 588 534 673 Inde,
553 589 788 657 ecelesiastici
805 590 1001 679 scriptores
1016 589 1228 678 frequenter
1243 589 1314 680 ipse

258 736 326 804 pro
338 713 432 783 idem
443 719 646 802 posuerunt
659 713 710 804 (1)
729 737 736 800 ;
754 715 850 782 inter
861 737 966 804 quos,
979 714 1085 783 Afros
1096 715 1170 783 fere
1184 737 1314 784 omnes

260 862 456 921 numerare
482 843 623 930 possim
656 842 718 933 (2).
747 842 919 911 Attamen
950 865 1035 912 cum
1067 843 1314 933 Hieronymus

261 969 330 1038 hac
350 968 535 1038 scribendi
555 969 824 1038 consuetudine
851 991 949 1058 saepe
971 993 1058 1038 usus
1084 971 1204 1056 fuerit,
1232 992 1314 1039 eam

260 1096 432 1165 Afrorum
452 1098 643 1187 propriam
664 1097 787 1166 dicere
806 1120 883 1166 uon
903 1098 1035 1167 audeo,

306 1235 458 1326 Quisque
473 1236 632 1326 positivo
650 1236 872 1326 adJungitur.
891 1237 1000 1327 Apud
1016 1239 1176 1328 optimos
1192 1246 1315 1308 aucto-

259 1387 317 1434 res
338 1387 426 1435 vero
446 1367 595 1433 nonnisi
615 1387 701 1434 cum
724 1367 948 1456 superlativo
973 1366 1104 1456 legitur
1132 1391 1138 1434 :
1161 1369 1315 1458 optimus

259 1493 417 1582 quisque,
435 1492 658 1561 doctissimus
674 1493 832 1582 quisque.
859 1494 966 1562 Hunc
985 1516 1094 1562 usum
1105 1496 1184 1583 jam
1199 1495 1314 1563 Taciti

258 1619 488 1708 temporibus
501 1600 726 1687 obsolevisse
751 1626 893 1688 certum
907 1626 972 1704 est,
994 1627 1029 1688 et
1044 1642 1195 1709 prorsus
1214 1621 1315 1710 apud

260 1745 459 1815 deteriores
479 1748 675 1836 scriptores
689 1749 801 1815 fuisse
817 1749 1035 1837 neglectum.
1054 1749 1203 1817 Dixerat
1213 1749 1315 1818 Taci-

259 1879 317 1941 tus
344 1872 469 1963 (Auo,
491 1873 565 1958 1111,
588 1874 671 1963 43);
695 1875 875 1944 inualidus
897 1875 1054 1964 quisque.
1078 1874 1176 1958 Quin
1204 1876 1314 1944 etiam

260 2001 407 2091 quisque
422 2023 578 2071 numero
588 2002 762 2092 singulari
771 2003 817 2070 ab
827 2004 977 2092 optimis
988 2004 1200 2071 auctoribus
1208 2002 1314 2070 adhi-

258 2128 415 2196 bebatur
429 2150 436 2213 3
449 2129 495 2196 ab
511 2129 583 2196 illis
595 2135 720 2197 autem
735 2130 799 2217 qui
815 2130 882 2196 sub
894 2130 1179 2218 imperatoribus
1189 2130 1314 2218 vigue-

257 2275 308 2340 re,
327 2275 483 2323 numero
503 2255 637 2343 plurali
657 2255 773 2323 libere
789 2254 999 2339 adhibitum
1016 2260 1069 2322 est
1084 2252 1146 2343 (3).

301 2391 358 2460 Ad
373 2413 503 2461 eorum
522 2392 687 2481 regulam
699 2391 825 2461 Victor
840 2393 985 2481 scripsit
1005 2415 1010 2459 :

365 2517 498 2582 Seclusu
527 2538 666 2600 quoeque
697 2518 955 2583 occultaverant
983 2517 1022 2597 (1,
1049 2520 1092 2595 3).
1189 2514 1315 2578 Peritos

258 2631 405 2694 quosque
419 2611 473 2691 (ll,
490 2614 553 2688 52).

307 2732 504 2822 Quisquam
524 2733 737 2821 :quisque
755 2756 761 2800 :

353 2857 538 2923 Sciscitans
561 2857 712 2940 qualiter
734 2857 909 2939 quisquam
926 2862 976 2934 (ε
995 2856 1156 2938 quisque)
1172 2853 1315 2917 haberet

257 2957 305 3031 (se
321 2951 476 3030 haberet)
494 2952 518 3031 1,
536 2954 585 3014 26.
614 2952 662 3015 cf.
688 2952 824 3033 quisque
848 2970 911 3034 pro
935 2950 1143 3032 quicumque,
1168 2948 1315 3030 quisquis

255 3046 293 3111 in
313 3052 425 3110 vetere
452 3047 690 3109 Romanorum
706 3045 825 3126 lingua
842 3043 995 3128 positum
1007 3048 1063 3122 (1).
1081 3044 1206 3121 (Plaut.
1224 3042 1312 3125 Cap-

255 3140 315 3204 tiv.
333 3141 412 3219 4613
429 3139 517 3203 Rud.
534 3141 597 3216 12).

306 3259 448 3347 Quis:
464 3260 620 3349 quisque
640 3281 646 3325 :

353 3385 549 3449 Decernens
565 3389 736 3467 quantum
754 3384 828 3466 quis
848 3389 901 3462 (z
916 3384 1079 3466 quisque)
1104 3401 1167 3465 pro
1190 3381 1313 3444 merito

258 3478 430 3562 acciperet
442 3477 480 3557 (I,
498 3480 561 3555 25).

305 3596 462 3685 Quidum
478 3626 521 3656 :
537 3597 708 3686 quilibet:

350 3725 421 3790 Nec
432 3723 596 3789 ecclesias
606 3730 666 3786 aut
677 3723 713 3785 in
726 3723 873 3785 urbibus
888 3728 948 3784 aut
964 3722 1000 3784 in
1014 3721 1211 3803 quibusdum
1229 3739 1309 3804 par-

259 3818 416 3884 vissimis
431 3817 517 3882 locis
532 3817 673 3901 penitus
688 3816 844 3881 obtinere
860 3816 931 3896 (111,
947 3818 990 3894 8).

290 4085 325 4150 (1)
343 4085 454 4145 Goelzer„
468 4084 575 4136 Latinit.
592 4084 696 4135 desolat
706 4084 814 4145 iborae,
832 4100 859 4147 p.
874 4087 927 4143 406,
942 4100 981 4147 sq.

291 4160 371 4218 (2111.
391 4161 420 4208 Κ.
441 4159 519 4220 situ,
535 4174 561 4221 p.
582 4160 638 4209 115.

289 4235 322 4299 (3)
340 4235 371 4285 0.
390 4234 745 4287 Riemann:(1'rammoircde
766 4236 897 4296 Tite-live,
915 4251 941 4298 p.
960 4237 1014 4285 142.

291 4312 325 4379 (1)
339 4311 369 4364 0.
389 4311 507 4364 Riemann
523 4310 575 4380 (op.
589 4311 685 4378 citato),
698 4327 725 4375 p.
742 4312 799 4363 110.
