3142 5084
701 448 860 512 ..98-

298 603 551 667 Verecundiaz
566 603 770 687 ignominia,
787 610 888 688 turpe
912 601 1048 686 aliquid
1073 599 1144 681 (111,
1165 601 1229 678 53).
1257 599 1307 664 Cf.

254 695 468 759 confusio:
485 696 645 774 dedecus,
660 695 774 778 pudor
787 694 842 773 (ΙΙ,
858 696 909 774 51,
926 694 988 770 59).

298 788 449 872 Virpulia
461 788 657 852 :arbores
671 789 742 867 (Ill,
758 791 822 866 55).

457 972 471 1043 ξ
494 972 531 1026 11.
552 1002 587 1012 -
605 974 658 1029 Dc
677 969 884 1028 nominibus
904 967 1107 1039 adjectivis

293 1116 403 1179 Alieni
416 1143 457 1172 =
471 1114 601 1178 ethnici
614 1116 685 1193 (ΙΙΙ,
701 1117 765 1193 61),
778 1132 901 1196 nempe
917 1111 979 1194 qui
993 1116 1075 1175 sunt
1086 1115 1181 1174 extra
1194 1109 1312 1174 Eccle-

253 1207 353 1270 siam.
372 1207 421 1271 Cf.
438 1207 499 1289 qui
516 1206 600 1268 ioris
615 1206 670 1284 (ΙΙ,
686 1208 718 1282 6)
735 1211 788 1282 (z
802 1210 897 1268 extra
912 1203 1118 1279 Ecclesiam)
1133 1206 1226 1264 sunt.

293 1297 524 1359 Alleluialicus
541 1320 546 1360 :
566 1297 806 1360 alleluiaticum
832 1297 1001 1360 melos:
1023 1293 1119 1378 quod
1140 1293 1312 1376 gaudium

253 1390 352 1453 affert
366 1391 404 1469 (Ι,
419 1391 483 1466 41).

293 1484 483 1547 Altissimus
497 1512 538 1539 =
552 1486 645 1548 Deus
658 1485 713 1563 (ll,
728 1487 790 1562 78).
808 1474 1104 1568 Frequentissimc
1120 1486 1314 1565 usurpatus

253 1578 347 1661 apud
364 1577 614 1642 ecclesiasticos
627 1579 823 1662 scriptores.
837 1579 934 1642 Unde
946 1579 1058 1663 gallic.
1073 1579 1102 1640 le
1115 1577 1311 1645 Tris-Haut.

295 1671 528 1735 Calumuiosus
544 1697 553 1735 :
570 1672 724 1735 Futurus
741 1672 815 1735 dies
844 1672 904 1736 ille
926 1673 1151 1740 calumniosus
1172 1670 1227 1751 (ΙΙ,
1244 1673 1311 1748 52).

253 1765 308 1830 sic
322 1766 530 1828 calumniosa
548 1765 652 1829 series
664 1765 866 1829 continebat
880 1765 951 1846 (ΙΙΙ,
968 1767 1031 1843 19).

295 1858 605 1922 Cousubstanlicus:
622 1860 734 1937 Quem
745 1859 838 1923 Patri
850 1866 882 1922 et
901 1859 991 1927 Filio
1006 1858 1313 1924 consubstantivum

255 1950 432 2012 credimus
447 1951 501 2030 (ll,
518 1953 581 2029 75).
1297 1970 1301 1976 ·

293 2042 461 2105 Delicatus
474 2044 544 2121 (ΙΙΙ,
564 2047 616 2121 33)
630 2071 671 2100 :
684 2044 798 2126 gallic.
817 2044 947 2108 de'licai.

295 2133 512 2197 Distentas:
522 2137 665 2218 longus:
682 2157 742 2220 per
753 2137 878 2202 itinera
893 2137 1035 2200 distenta
1052 2136 1180 2200 deserti
1194 2137 1234 2217 (Ι,
1246 2134 1312 2214 37).

296 2226 451 2289 Diuersus
463 2255 504 2282 z
518 2230 635 2292 varius
653 2254 658 2292 :
678 2230 901 2294 Audientiam
924 2229 1060 2292 diuersis
1078 2226 1314 2293 cavillationi-

256 2320 324 2381 bus
339 2319 526 2383 declinavit
542 2320 596 2400 (ΙΙ,
612 2323 674 2398 55).

294 2412 486 2476 Femoralia
504 2437 510 2476 :
528 2414 601 2478 Sibi
613 2415 815 2478 camisiaset
824 2414 1001 2498 femoralia
1012 2409 1234 2490 faciebanid,
1245 2412 1312 2488 39).

294 2505 403 2568 Fortis
418 2533 458 2560 z
469 2505 580 2587 gallic.
595 2507 760 2589 probaui:
832 2507 900 2571 tale
910 2506 1057 2590 aliquid,
1074 2506 1184 2569 immo
1194 2504 1316 2587 fortius

254 2601 428 2683 quiddam
444 2602 498 2680 (ΙΙ,
515 2603 568 2678 87)
587 2628 628 2655 z
648 2600 741 2664 voici
756 2621 825 2664 une
839 2620 968 2683 preuve
982 2620 1106 2664 encore
1122 2598 1201 2682 plus
1215 2597 1312 2681 forie.

254 2694 384 2777 Accipe
403 2696 473 2757 huc
488 2694 624 2778 aliquid
638 2694 757 2777 fortius
772 2695 825 2774 (ll,
842 2696 894 2771 98)
910 2721 950 2749 z
963 2693 1054 2758 voici
1077 2692 1139 2777 qui
1163 2697 1216 2755 est
1230 2689 1314 2755 bien

254 2785 335 2867 plus
350 2787 425 2868 fori.

294 2880 431 2942 Fraclus
445 2906 486 2935 :
506 2879 639 2962 fragilis
666 2903 671 2941 :
695 2879 836 2943 turbam
858 2880 1007 2944 navibus
1026 2879 1142 2962 fractis
1161 2875 1313 2960 imposi-

254 2979 327 3036 tam
343 2974 381 3052 (Ι,
404 2975 465 3051 15).

295 3063 426 3128 Habilis
440 3093 481 3122 =
495 3067 607 3148 agilis,
629 3066 769 3130 validus
783 3068 837 3147 (ΙΙ,
854 3069 918 3146 37),
940 3072 978 3128 ut
1001 3066 1037 3129 in
1060 3071 1172 3131 vetere
1195 3062 1313 3128 Gallo-

255 3179 335 3222 rum
351 3159 471 3241 lingua
487 3160 522 3222 in
539 3179 609 3244 qua
629 3160 839 3242 adjectivum
855 3160 974 3236 habile,
993 3178 1075 3223 cum
1097 3159 1140 3221 de
1154 3155 1314 3240 personis

256 3252 387 3316 mentio
407 3253 523 3333 fiebat,
547 3253 765 3335 significabat
790 3254 886 3336 apilc,
910 3254 1006 3336 le'pcn
1031 3252 1140 3334 dispas
1156 3275 1165 3314 :
1182 3250 1313 3327 Quatre

256 3351 350 3410 cents
365 3347 616 3430 compaignons
631 3353 709 3409 tous
723 3347 850 3409 habiles
867 3352 899 3409 et
914 3346 1022 3428 legers
1032 3345 1227 3423 (Froissart,
1242 3342 1268 3421 Ι,
1280 3343 1312 3420 1,

256 3440 337 3515 135).
408 3438 448 3501 Je
468 3438 529 3521 qui
546 3438 689 3521 souloye
709 3444 798 3500 estre
817 3437 938 3517 habile,
964 3437 1042 3501 Suis
1065 3436 1190 3515 debile,
1209 3434 1314 3498 Casse

256 3529 297 3593 de
313 3549 413 3612 corps
427 3532 561 3609 (Marci,
579 3531 636 3610 IV,
652 3533 735 3607 282).
754 3530 803 3594 Cf.
821 3530 972 3609 Mollem,
991 3529 1145 3611 Tarluffa
1162 3528 1236 3608 v‚4
1256 3551 1261 3591 :

400 3666 741 3681 .............................
755 3625 778 3678 ΙΙ
796 3641 864 3679 vous
881 3625 942 3679 faui
957 3625 1015 3680 dire
1033 3627 1133 3678 habite

398 3712 424 3763 A
440 3709 517 3764 vider
533 3710 567 3764 de
583 3709 668 3764 cecus
682 3708 817 3779 jusqu'au
835 3710 964 3764 moindrc
977 3708 1126 3764 ustensile.

298 3792 496 3855 Laboriosus
514 3820 555 3848 :-
575 3792 679 3855 miser
703 3793 771 3856 :Ut
801 3793 997 3856 laboriosam
1023 3798 1186 3876 caperent
1208 3811 1312 3855 man-

257 3886 393 3950 sionem
412 3887 545 3965 (11‚35).

298 3979 491 4042 Macilenius
508 4002 514 4042 :
532 3979 645 4063 Coepit
658 3998 765 4061 grana
780 3999 890 4043 vacua
914 3980 1129 4044 macilenta...
1144 3979 1314 4064 projicere

257 4072 311 4153 (ΙΙ,
327 4075 391 4150 19).
408 4110 448 4119 -
463 4072 762 4155 Hocadjectivum
777 4079 932 4157 tempore
947 4074 1060 4137 Plauti
1079 4074 1153 4156 jam
1178 4073 1215 4136 in
1237 4073 1316 4138 vul-

258 4166 330 4249 gari
348 4166 488 4249 eloquio
504 4172 711 4248 usurpatum
727 4172 799 4231 erat
817 4168 871 4246 (ΙΙ,
887 4170 939 4245 37)
966 4169 1090 4246 (Plaut.
1109 4166 1270 4250 Captiv.)

299 4259 508 4322 Necessarius
521 4287 561 4315 z
575 4259 672 4322 utilis
687 4261 724 4339 (Ι,
743 4262 773 4339 9,
795 4263 842 4340 19,
860 4262 923 4338 20).
1121 4338 1123 4342 .

300 4352 489 4415 Nimius:
508 4370 657 4435 magnus
677 4353 715 4432 (Ι,
740 4354 802 4430 35).
824 4352 873 4417 cf.
898 4352 999 4415 nimis
1012 4353 1108 4436 quod
1123 4353 1160 4417 iu
1175 4350 1316 4436 plebeio
