3142 5084
778 450 941 512 ..24-

378 624 536 692 Posthac
551 621 726 706 inauditae
742 620 864 689 adbuc
884 619 1109 688 crudelitatis
1125 618 1293 708 exempla
1309 619 1387 687 edi-

333 758 436 822 turus
457 757 534 821 erat
557 750 775 834 Hunericus.
798 749 840 816 In
860 769 946 817 suos
965 748 1087 838 primo
1112 747 1240 817 saevire
1261 748 1384 837 coepit,

334 881 451 949 nimio
467 880 569 969 regni
585 898 712 946 amore
727 877 912 962 laborans,
935 877 1143 966 timensque
1163 897 1222 960 ne,
1239 876 1388 965 postha-

333 1008 418 1076 bitis
428 1007 513 1074 filiis
525 1007 611 1090 suis,
625 1005 745 1073 fratris
755 1004 834 1088 filii,
847 1009 887 1071 ut
898 1003 1143 1072 destinaverat
1154 1001 1385 1089 GensericuS,

333 1135 373 1201 in
388 1153 542 1223 regnum
557 1132 626 1202 sibi
642 1130 891 1201 succederent.
909 1129 1161 1214 Quamobrem
1173 1150 1251 1198 non
1266 1130 1388 1198 solum

334 1257 556 1326 Theodorici
575 1258 696 1326 fratris
715 1276 869 1325 uxorem
889 1257 1025 1340 necari,
1054 1257 1252 1345 ipsumque
1270 1255 1389 1324 Theo-

335 1383 505 1452 doricum
535 1383 574 1449 in
603 1381 772 1450 exsilium
800 1380 895 1448 mitti
920 1380 1040 1469 jussit,
1072 1377 1267 1447 sedetiam
1289 1398 1388 1467 pres-

335 1511 484 1600 byteros
518 1509 665 1577 arianos
696 1506 981 1595 Jocundumque
1008 1505 1257 1595 patriarcham
1290 1525 1388 1571 mor-

334 1635 361 1702 ti
382 1633 494 1717 dedit,
517 1634 604 1722 quia
625 1654 688 1701 eos
706 1632 826 1699 fratris
846 1632 1013 1720 partibus
1031 1631 1153 1698 favere
1178 1630 1388 1718 suspicaba-

334 1768 394 1831 tur
412 1761 474 1853 (1).

378 1888 460 1957 Jam
497 1888 621 1957 minus
658 1887 880 1955 Arianorum
913 1887 1094 1976 primores
1127 1886 1385 1973 reformidans,

335 2035 515 2103 suamque
531 2013 747 2103 religionem
762 2034 828 2101 per
842 2013 918 2080 vim
928 2013 1121 2101 imponere
1132 2011 1296 2098 studens,
1310 2036 1388 2082 om-

335 2163 423 2211 nem
432 2142 596 2209 furorem
609 2142 648 2208 in
659 2139 860 2208 catholicos
871 2140 1064 2229 episcopos
1078 2141 1258 2208 convertit
1271 2162 1278 2226 ;
1294 2163 1388 2229 quos

336 2290 571 2358 quacumque
595 2268 738 2336 ratione
761 2273 969 2351 vexaturus,
997 2267 1193 2336 calumniis
1212 2267 1388 2338 adversus

335 2416 398 2463 eos
418 2416 506 2462 usus
526 2398 591 2478 est,
619 2399 654 2461 et
678 2394 723 2460 iis
748 2391 900 2482 quidem
927 2393 1112 2461 atrocibus
1137 2416 1248 2483 supra
1275 2416 1387 2484 quam

335 2523 497 2592 enarrari
509 2526 640 2612 potest.
657 2521 824 2610 Virgines
840 2521 939 2588 enim
955 2520 1033 2588 Deo
1050 2528 1292 2607 consecratas,
1309 2544 1389 2591 ves-

335 2649 433 2716 tibus
453 2649 607 2715 omnino
629 2646 820 2715 destitutas
840 2651 950 2734 atque
970 2647 1008 2713 in
1024 2646 1173 2735 publico
1190 2649 1385 2736 expositas,

336 2776 550 2865 urgentibus
570 2774 939 2864 suppliciisclamare
959 2776 1110 2864 cogebat
1130 2795 1168 2842 se
1189 2796 1274 2843 cum
1295 2778 1388 2865 epis-

336 2903 438 2992 copis
463 2907 497 2969 et
522 2901 662 2969 clericis
688 2901 942 2968 concubuisse.
972 2900 1059 2968 Post
1079 2901 1159 2969 baec
1178 2902 1280 2970 irrita
1299 2903 1388 2970 faci-

335 3051 438 3114 nora,
450 3028 675 3119 paulatimin
687 3027 1039 3096 catholicostantum
1049 3029 1385 3115 exarsit,utsubito,

334 3158 437 3242 4,976
457 3157 687 3239 christianos,
710 3156 806 3222 inter
825 3176 918 3242 quos
941 3160 1044 3223 erant
1064 3155 1274 3245 complures
1295 3157 1388 3245 epis-

336 3285 419 3374 copi
439 3284 705 3373 etpresbyteri,
724 3303 742 3349 e
758 3283 875 3371 patria
892 3283 1187 3351 exterminaverit
1208 3290 1243 3352 et
1257 3306 1387 3353 omnes

336 3413 374 3479 in
408 3411 552 3480 duabus
588 3411 795 3478 civitatibus
828 3409 879 3499 (2)
909 3414 1145 3498 congregatos
1173 3410 1387 3479 Maurorum

335 3540 485 3608 arbitrio
506 3538 724 3627 permiserit.
748 3537 794 3604 Hi
814 3538 947 3626 primo,
961 3537 1115 3625 jubente
1134 3537 1387 3606 Vandalorum

336 3685 430 3755 rege,
461 3664 661 3733 catholicos
685 3666 724 3731 in
750 3664 1008 3753 angustissimo
1034 3669 1068 3731 et
1092 3665 1280 3733 teterrimo
1303 3665 1386 3734 loco

335 3790 620 3873 collocaverunt,
638 3788 737 3856 unde
753 3790 863 3872 exire,
882 3787 940 3855 vel
956 3789 985 3855 si
1002 3788 1181 3857 laxandus
1201 3795 1278 3857 erat
1297 3813 1386 3858 ven-

334 3922 400 4002 ter,
419 3938 529 3984 nemo
544 3921 687 4005 poterat
705 3937 712 4000 3
731 3921 764 3983 et
784 3916 833 3982 ita
847 3915 950 3982 brevi
966 3915 1104 3982 factum
1124 3921 1188 4001 est,
1207 3922 1245 3983 ut
1261 3918 1386 3985 miseri

365 4224 399 4289 (ι)
417 4225 478 4273 Vict.
499 4225 562 4280 vit..
581 4226 610 4284 ll,
627 4224 706 4274 12-17.

366 4301 398 4365 (⁶2)
415 4299 608 4352 Sicca-Veneria
624 4300 664 4364 (=
679 4297 751 4348 hodic
765 4299 857 4361 lll-licl')
873 4303 897 4348 ct
912 4299 1019 4349 Laribus.
