3142 5084
698 435 932 496 -152-·

304 607 397 675 Cum
408 627 494 674 vero
507 606 614 673 istam
623 609 833 693 temporum
843 605 1099 674 confusionem
1109 608 1322 696 praesertim

258 735 358 826 apud
372 734 479 803 Afros
494 733 787 802 animadvertere
808 734 865 819 sit,
888 734 1056 824 exempla
1079 756 1124 803 ex
1142 734 1322 805 Afrorum

258 860 402 948 scriptis
423 863 594 946 excerpta
611 858 733 926 citabo
756 881 763 925 ε

298 985 467 1068 Apuleius
488 986 595 1068 (Apol.
618 987 692 1063 44);
712 985 845 1048 Vellem
866 986 1001 1050 adesset
1026 994 1096 1052 et...
1121 989 1319 1054 invertisset.

260 1079 438 1143 Arnobius
455 1079 510 1159 (II,
527 1081 579 1157 37)
595 1102 601 1142 ι
674 1078 776 1156 Quod
793 1078 823 1140 si
839 1086 950 1142 essent
965 1080 1151 1146 dominicae
1165 1083 1320 1165 prolis...

260 1173 433 1255 generatio
445 1171 689 1255 principalis...
701 1192 812 1235 unum
823 1191 945 1236 omnes
957 1173 1172 1239 intellectum
1183 1176 1323 1240 habuis-

259 1271 339 1347 sent,
357 1267 476 1330 aulam
493 1285 628 1349 semper
645 1265 836 1329 incolerent
850 1266 992 1349 regiam.

304 1397 383 1465 Hoc
393 1402 518 1464 tamen
532 1418 608 1464 uon
625 1395 830 1464 admodum
845 1397 1019 1466 vitiosum
1036 1397 1145 1485 duco,
1167 1421 1255 1470 cum
1270 1402 1324 1471 ita

260 1524 492 1612 interpretari
512 1524 653 1612 possim
677 1545 683 1590 :

301 1671 317 1712 u
340 1649 385 1712 Ils
400 1649 555 1712 ouroicnt
570 1653 640 1711 tous
654 1667 734 1730 recu
751 1648 983 1726 (habuissent)
1005 1650 1038 1712 la
1054 1651 1168 1714 meme
1183 1651 1324 1716 intelli-

259 1762 376 1826 gence,
389 1743 432 1805 ils
446 1742 841 1825 re'sideraienttoujours
856 1743 944 1805 dans
961 1743 994 1805 la
1009 1744 1146 1807 maison
1158 1744 1207 1807 du
1224 1745 1291 1809 roi.
1307 1769 1324 1808 a

314 1836 371 1914 Vl,
388 1838 448 1898 23:
465 1836 552 1900 Cum
566 1834 778 1917 Capitolium
794 1834 921 1898 totiens
936 1835 1023 1898 edax
1044 1836 1135 1917 ignis
1149 1836 1321 1902 absume-

260 1934 311 1991 ret
326 1929 520 2009 lovemque
535 1926 651 2008 ipsum
667 1925 906 2008 Capitolinum
923 1945 1003 1989 cum
1019 1946 1127 1990 uxore
1142 1929 1323 2012 corripuis-

260 2026 315 2084 set.
339 2059 378 2066 -
402 2020 573 2103 Corippus
592 2043 597 2081 :
615 2019 751 2099 Jolron,
770 2020 784 2082 1
800 2020 884 2097 (381)
900 2042 906 2081 :
979 2021 1029 2083 Ex
1045 2021 1195 2085 ducibus
1214 2043 1323 2087 nam-

260 2136 327 2198 que
352 2135 444 2177 unus
458 2134 565 2192 eram,
584 2132 665 2176 cum
691 2119 823 2195 sceptra
848 2118 1018 2196 tyrannus
1040 2113 1207 2178 Geilamir
1222 2116 1261 2180 in
1280 2117 1322 2181 li-

260 2209 358 2293 bycis
375 2208 526 2270 tenuisset
539 2207 692 2290 perfidus
706 2207 777 2269 oris
792 2209 877 2284 (458)
895 2229 901 2268 :
971 2208 1174 2272 Arcitenens
1182 2211 1320 2275 crebris

260 2303 339 2387 quis
349 2303 452 2366 ferret
466 2303 535 2364 fata
549 2301 692 2383 sagittis,
704 2320 863 2384 quosque
877 2300 963 2366 levis
976 2305 1064 2365 torto
1076 2303 1206 2384 fixisset
1218 2304 1325 2368 Delia

260 2398 339 2461 telo.
358 2397 407 2461 cf.
425 2397 465 2476 ll,
485 2396 563 2473 1263
582 2396 639 2474 Vl,
657 2397 715 2457 770
731 2419 739 2473 ;
758 2396 831 2475 Vll,
848 2397 917 2458 188.

305 2513 376 2582 Sed
403 2514 496 2596 haec,
518 2513 666 2580 licentia
686 2511 848 2601 quadam
867 2512 1012 2600 poetica
1032 2518 1067 2580 et
1095 2535 1134 2582 re
1163 2516 1323 2587 metrica

260 2643 489 2730 explicantur
517 2647 551 2708 et
572 2644 802 2708 excusantur.
834 2638 889 2706 Ex
914 2640 971 2708 his
1000 2641 1109 2729 igitur
1138 2644 1322 2732 exemplis

260 2791 343 2858 quae
359 2768 499 2857 collegi,
519 2767 817 2835 concludendum
848 2773 901 2835 est
915 2768 1101 2837 Victorem
1130 2771 1266 2858 saepius
1284 2779 1322 2841 et

260 2895 408 2982 pravius
433 2915 545 2983 quam
570 2895 1115 2984 caeteriplusquamperfectum
1139 2917 1226 2964 cum
1245 2898 1321 2966 im-

260 3022 420 3110 perfecto
436 3021 657 3089 confudisse.

305 3222 336 3311 c)
361 3221 451 3304 Quae
468 3244 553 3289 cum
566 3223 616 3291 ita
632 3244 670 3290 se
694 3224 866 3308 habeant,
885 3225 966 3312 quis
988 3226 1183 3293 mirabitur
1196 3225 1322 3297 Victo·

261 3370 339 3416 rem
368 3354 580 3436 temporum
613 3349 915 3416 consecutionem
956 3349 1067 3417 etiam
1100 3350 1317 3439 neglexisse,

261 3476 397 3564 quippe
414 3497 526 3564 quam
541 3482 719 3564 praeterea
735 3482 769 3543 et
785 3475 884 3564 apud
901 3478 1062 3544 comicos
1079 3483 1113 3544 et
1127 3478 1167 3544 in
1175 3478 1320 3569 vulgari

261 3603 409 3691 eloquio
439 3609 474 3670 et
502 3605 540 3670 in
567 3603 720 3692 Vulgata
741 3604 944 3692 neglectam
960 3603 1319 3693 deprehendamus‘.l

260 3729 356 3819 Lego
372 3729 472 3818 apud
491 3730 663 3797 Plautum
679 3730 788 3821 (Rud.
811 3731 869 3821 95)
893 3756 899 3800 :

301 3858 339 3920 ln
357 3857 516 3919 lanum...
543 3857 769 3920 mulierculas
797 3859 977 3922 adduxit...
1006 3865 1137 3922 utrem
1159 3858 1320 3924 divinam

260 3951 373 4033 faciut.
392 3949 537 4031 (Captiv.
554 3951 626 4027 386)
643 3975 648 4013 :
732 3951 766 4014 Si
784 3951 903 4033 quis...
920 3952 1012 4034 faxit
1025 3953 1165 4035 qualem
1183 3952 1322 4016 haberes

260 4043 431 4126 gratiam‘l
448 4044 582 4106 Terent.
599 4044 720 4127 Adelp.
739 4047 797 4107 183
814 4065 819 4103 :
839 4045 980 4109 illum„
998 4045 1035 4107 in
1051 4051 1179 4108 terram
1191 4049 1319 4109 sterne-

261 4158 340 4213 rem,
359 4143 397 4198 ut
414 4137 555 4200 cerebro
564 4137 859 4221 disperpotvitam.
879 4140 1039 4222 Vulgata,
1056 4140 1161 4219 Marc,
1177 4142 1293 4219 v11,32
1310 4164 1316 4204 :

262 4232 519 4316 deprecabuntur
533 4252 614 4294 eum
630 4238 668 4294 ut
684 4232 832 4315 imponat
846 4232 898 4295 illi
916 4253 1061 4296 manum
1076 4256 1084 4310 3
1107 4238 1140 4297 et
1154 4233 1222 4297 alia
1239 4253 1320 4317 quae

261 4329 399 4394 Novum
409 4327 668 4393 Testamentum
677 4326 848 4393 evolventi
859 4328 975 4393 statim
984 4328 1319 4396 occurrunt—Vic-
