3142 5084
665 452 830 516 ...72-

139 639 141 643 ’
219 629 278 697 tus
298 628 351 694 est
371 624 417 696 de
437 624 544 693 malis
563 645 647 714 quae
671 629 788 713 captae
808 625 891 693 urbi
911 624 1012 723 illata
1031 627 1129 708 sunt,
1152 622 1276 690 statim

220 752 267 822 de
285 749 457 822 ordinato
477 751 691 842 Deogratias
705 752 818 820 verba
832 751 930 836 facit,
949 751 1013 841 qui
1034 748 1156 818 solnm
1176 738 1276 818 an'no

220 879 285 952 459
306 879 535 970 Carthaginis
555 879 750 969 episcopus
770 879 907 948 electus
927 883 991 946 est.

264 1006 409 1077 Itanon
429 1004 551 1073 solum
570 1003 702 1073 ordine
718 1003 782 1072 sed
798 1003 892 1073 serie
908 1008 1034 1073 carent
1049 1023 1133 1093 quae
1152 1002 1279 1072 Victor

222 1138 378 1218 enarrat,
397 1132 500 1201 nullo
520 1130 678 1200 naturali
697 1131 846 1201 vinculo
871 1131 967 1199 inter
990 1152 1029 1199 se
1051 1132 1275 1200 consociata.

220 1260 269 1330 Ut
283 1281 412 1344 unum,
426 1259 522 1328 inter
535 1257 663 1343 multa,
677 1258 888 1347 exemplum
908 1277 1067 1345 sumam,
1079 1263 1279 1349 postquam

220 1393 319 1457 artes
338 1387 473 1476 quibus
499 1384 547 1454 ad
566 1385 795 1476 perdendam
821 1386 1039 1476 religionem
1059 1384 1279 1455 Gensericus

223 1534 312 1584 usus
328 1517 392 1598 est,
414 1513 454 1580 in
473 1511 594 1581 lucem
620 1511 778 1601 prodere
804 1512 928 1602 coepit,
957 1534 978 1581 a
1002 1534 1041 1581 re
1064 1512 1276 1603 digreditur,

224 1646 346 1730 atque,
368 1639 476 1730 longa
501 1639 690 1707 mentione
715 1638 760 1706 de
785 1639 1001 1708 Sebastiano
1024 1640 1131 1727 lacta,
1153 1661 1280 1710 rursus

221 1767 272 1836 ‘ad
287 1767 499 1836 inchoatam
520 1765 770 1834 narrationem
784 1764 879 1833 redit
893 1764 956 1857 (1).

270 1893 370 1978 Quin
399 1895 521 1977 etiam,
553 1896 674 1981 spreta
708 1912 832 1959 rerum
866 1896 901 1959 et
931 1896 1142 1981 temporum
1172 1893 1278 1980 serie,

223 2021 350 2091 Victor
369 2020 510 2110 egregia
530 2017 703 2108 quaedam
722 2018 1009 2087 christianorum
1026 2024 1060 2087 et
1075 2023 1281 2109 martyrum

225 2147 390 2216 facinora
409 2147 519 2237 eligit,
543 2166 625 2235 quae
651 2144 882 2234 singulariter
907 2150 942 2214 et
965 2167 1111 2215 summa
1132 2167 1219 2215 cura
1246 2152 1283 2215 et

227 2297 313 2346 cum
339 2275 473 2344 mentis
497 2274 684 2363 voluptate
712 2274 920 2360 adumbrat,
946 2273 1117 2343 Maximae
1143 2275 1282 2344 scilicet

227 2404 440 2494 conjugium
460 2403 656 2471 abnuentis
674 2398 930 2471 fortitudinem
953 2409 988 2471 et
1006 2403 1221 2493 Deogratias
1241 2405 1282 2472 in

227 2533 415 2603 Romanos
438 2531 645 2600 exsulantes
665 2529 828 2599 studium
849 2536 883 2599 et
909 2531 1126 2620 praeclaram
1152 2530 1283 2601 Armo-

228 2661 336 2752 gastis
348 2661 521 2728 virtutem
531 2658 594 2749 (2),
614 2663 648 2727 et
664 2659 735 2726 alia
751 2658 912 2748 denique
926 2656 1109 2747 ejusmodi
1122 2681 1205 2748 quae
1220 2660 1283 2728 hic

227 2786 392 2855 indicare
406 2785 558 2875 longum
579 2790 643 2852 est.

272 2912 318 2982 At
333 2917 460 2980 contra
476 2934 571 3001 quae,
590 2912 629 2978 in
645 2909 878 3001 depingenda
892 2910 1146 2982 Vandalorum
1164 2912 1283 2981 domi·

229 3039 390 3123 natione,
413 3038 460 3106 ad
480 3059 604 3106 rerum
624 3037 859 3126 politicarum
883 3038 1077 3106 historiam
1102 3044 1279 3129 spectant,

229 3166 388 3257 negligit.
419 3166 474 3234 De
501 3167 649 3234 obsessa
674 3165 847 3254 Hippone
873 3165 1029 3251 locutus,
1060 3166 1154 3234 nihil
1180 3167 1282 3235 aliud

228 3299 332 3362 curat
351 3314 463 3382 quam
484 3297 523 3360 ut
543 3314 584 3360 ea
605 3314 687 3381 quae
707 3292 805 3380 passi
826 3296 911 3359 sunt
933 3293 1122 3361 christiani
1145 3294 1282 3363 descri-

228 3420 306 3504 bat;
320 3418 421 3507 quod
434 3420 549 3508 magis
561 3422 614 3485 est
625 3416 850 3500 mirandum,
859 3437 944 3483 cum
957 3418 1190 3505 paucissimis
1203 3440 1282 3486 ver-

227 3547 285 3613 bis
305 3551 450 3634 oaptam
470 3545 728 3633 Carthaginem
756 3551 1033 3613 commemoret.
1063 3544 1199 3613 Debuit
1219 3567 1282 3614 au-

228 3672 303 3735 tem
317 3667 522 3734 obsidionis
535 3688 663 3735 causas
674 3672 709 3734 et
721 3667 869 3734 illarum
883 3669 1031 3735 urbium
1045 3668 1154 3753 mala,
1165 3674 1206 3737 ut
1217 3671 1281 3759 qui

228 3795 338 3862 tantis
365 3794 475 3862 rebus
495 3794 729 3879 interfuisset,
752 3815 955 3879 recensere,
976 3795 1282 3885 quandoquidem

229 3942 311 4011 quae
328 3920 561 3988 obsidionem
577 3925 701 3989 secuta
716 3925 812 4006 sunt,
830 3920 960 3989 Africae
981 3923 1077 3990 inter
1095 3921 1282 3993 Vandalos

228 4053 263 4116 et
289 4048 416 4116 Romae
436 4048 697 4136 imperatorem
718 4048 950 4134 divisionem,
972 4056 1070 4118 recte
1089 4050 1279 4121 indicavit.

272 4176 600 4246 Verumenimvero
619 4178 772 4246 fortasse
792 4178 937 4267 aliquis,
951 4178 999 4246 ad
1017 4178 1203 4249 Victorem
1224 4202 1283 4249 ex·

261 4397 294 4463 (r)
311 4397 373 4447 rin.
390 4397 446 4458 vn,
464 4399 481 4455 1,
503 4399 543 4449 re.

261 4473 295 4538 (a)
313 4473 376 4526 vict.
394 4473 588 4536 vn.‚1,34-50.
