3142 5084
638 407 799 469 -61-

190 573 356 642 Idaeium
388 595 394 641 :
428 597 444 640 r
476 572 694 643 Gensericus
731 576 847 645 elatus
880 575 993 666 impie
1028 575 1243 665 episcopum

192 702 405 791 clerumque
431 702 660 792 Carthaginis
686 703 828 793 depulit
851 725 895 771 ex
926 725 980 788 ea,
1017 709 1052 772 et
1072 703 1244 772 ecclesias

192 827 389 896 catholicas
419 827 570 895 tradidit
596 826 741 904 Arianis
756 829 818 919 (1).
839 851 855 894 r
872 830 967 919 Lege
987 829 1148 918 denique
1164 828 1245 897 haec

191 951 413 1021 Theodoreti
428 954 491 1043 qui
512 955 648 1021 multos
667 953 798 1023 Africae
828 956 1022 1045 episcopos
1038 954 1244 1023 exsulantes

137 1100 139 1105 ’
190 1080 282 1148 vidit
293 1085 328 1148 et
343 1079 655 1148 commendatitiis
666 1080 796 1148 litteris
807 1082 976 1166 munivit,
991 1088 1030 1150 ut
1040 1103 1107 1171 per
1118 1080 1246 1148 Orien·

191 1212 277 1291 tem,
300 1207 399 1296 apud
427 1206 571 1275 nobiles
595 1209 706 1292 viros,
728 1207 888 1296 benigno
908 1208 1070 1297 hospitio
1100 1208 1245 1295 excipe-

190 1339 317 1402 rentur
339 1357 345 1402 :
370 1358 387 1402 «
409 1334 500 1418 Quae
522 1334 842 1425 Carthaginienses
862 1336 960 1425 passi
981 1341 1078 1420 sunt,
1096 1334 1244 1424 Eschyli

192 1468 227 1530 et
246 1462 440 1552 Sophoclis
460 1468 566 1552 egent
586 1462 776 1553 tragoedia,
792 1469 827 1531 et
845 1463 998 1531 fortasse
1019 1485 1149 1533 eorum
1167 1463 1246 1531 vin-

192 1593 288 1655 ceret
307 1586 450 1676 linguas
469 1588 653 1655 malorum
673 1587 889 1678 magnitudo
904 1587 967 1678 (2).
992 1610 1008 1654 r>

130 1721 133 1725 ’
235 1712 319 1781 Non
345 1714 469 1781 minus
494 1714 705 1782 confirmari
725 1720 880 1803 possunt
906 1735 989 1804 quae
1023 1713 1069 1781 de
1094 1714 1246 1803 captivis

191 1840 355 1907 romanis
374 1840 413 1907 in
428 1839 600 1925 Africam,
618 1846 701 1930 post
712 1846 858 1929 captam
869 1840 1038 1925 Romam,
1060 1839 1247 1929 appellen·

123 1936 131 1944 ⁵
193 1968 291 2034 tibus
306 1966 431 2035 Victor
445 1967 537 2035 dixit
555 1967 617 2057 (3),
641 1989 724 2057 quae
741 1967 892 2056 quidem
907 1974 947 2035 ut
962 1968 1063 2035 testis
1078 1967 1246 2035 oculatus

193 2095 387 2163 enarravit.
426 2095 480 2163 De
511 2096 567 2162 his
601 2097 650 2164 ita
684 2096 829 2164 locutus
863 2102 916 2164 est
943 2095 1079 2163 Paulus
1112 2095 1246 2164 Diaco-

192 2215 261 2286 nus
275 2219 326 2309 (4)
345 2244 351 2288 :
371 2242 388 2286 r
406 2219 587 2287 Omnibus
600 2221 733 2309 opibus
754 2190 884 2305 allatis,
902 2221 1017 2289 multa
1032 2219 1119 2289 inde
1135 2221 1247 2310 capti-

192 2367 326 2414 vorum
347 2347 565 2415 milliacum
584 2345 745 2436 Augusta
760 2346 928 2415 Eudoxia
953 2353 988 2415 et
1007 2348 1085 2435 eJus
1100 2347 1246 2415 filiabus

192 2469 443 2563 (Gensericus)
463 2471 721 2563 Carthaginem
737 2472 852 2541 duxit.
871 2496 888 2539 r>

237 2599 374 2668 Similis
388 2600 507 2668 fuerat
525 2600 673 2669 fortuna
689 2601 839 2668 illorum
855 2601 930 2690 qui,
963 2606 1069 2690 capta
1089 2600 1135 2668 ah
1163 2598 1246 2667 Ala-

193 2727 270 2794 rico
294 2727 409 2816 (anno
428 2728 510 2817 410)
538 2728 668 2812 Roma,
699 2728 738 2794 in
766 2727 928 2795 Africam
955 2727 1148 2816 fugerant3
1179 2727 1242 2816 qui

193 2853 316 2925 inedia
336 2861 371 2922 et
385 2856 617 2944 navigatione
635 2830 827 2940 debilitati,
851 2856 910 2923 vix
924 2876 943 2923 e
959 2857 1115 2923 navibus
1131 2873 1247 2944 egres-

193 2981 235 3064 si,
252 2981 291 3049 in
306 2985 525 3070 potestatem
540 2980 748 3049 Heracliani
764 2982 908 3049 comitis
924 2980 1117 3067 devenere,
1135 3002 1155 3049 a
1172 3003 1246 3070 quo

193 3107 390 3177 crudeliter
408 3109 527 3175 vexati
554 3113 650 3192 sunt,
682 3114 853 3196 utquam
873 3110 1075 3177 maximam
1096 3112 1247 3197 possent

194 3238 392 3327 pecuniam
412 3236 446 3303 ei
466 3234 652 3303 traderent
670 3235 733 3325 (5).

240 3416 331 3501 Quae
345 3416 524 3484 haetenus
539 3416 577 3483 in
599 3415 887 3504 disputationem
908 3414 1057 3499 adduxi,
1084 3413 1132 3483 ad
1153 3412 1247 3482 Gen-

194 3542 300 3611 serici
309 3559 464 3630 regnum
476 3540 672 3628 pertinent.
688 3538 830 3607 Pariter
845 3560 930 3607 vera
947 3561 1026 3608 esse
1038 3538 1247 3608 videbimus

224 3791 257 3856 (l)
275 3791 349 3840 ldacii
361 3790 497 3840 Chronicon
512 3789 553 3855 (ad
567 3805 660 3839 annum
676 3791 740 3852 439).
757 3789 857 3840 Patrol.
875 3789 930 3850 lat,
948 3793 968 3838 t.
987 3790 1086 3851 Elllllll‚
1100 3793 1148 3839 col.
1170 3793 1228 3840 675.

225 3866 257 3926 (E)
274 3863 417 3914 Theodoreti
434 3864 512 3925 Epist.
531 3863 573 3912 Et).
594 3890 624 3900 -
641 3865 679 3913 Cf.
698 3864 777 3925 Epist.
792 3866 832 3921 52,
848 3865 878 3912 ad
893 3865 961 3913 lhum
981 3865 1076 3913 Edessae
1091 3865 1244 3928 episcopum.

193 3926 293 3978 Patrol.
309 3941 386 3990 pren,
400 3931 417 3975 t.
439 3928 530 3976 lxxx.
554 3954 584 3962 -
607 3927 666 3978 Vide
687 3928 764 3986 Dalm,
782 3927 827 3976 Die
842 3926 943 3989 Koeuipe
963 3926 1008 3976 der
1030 3927 1191 3978 Germanou:
1210 3928 1248 3977 die

198 3989 334 4051 landuleo,
350 4004 377 4052 p.
395 3989 450 4049 all,
465 4004 504 4051 sq.

227 4070 260 4130 rs)
278 4066 338 4115 vict.
350 4066 426 4127 rut„
438 4066 552 4125 ras-m.

225 4140 259 4204 (l)
276 4143 346 4190 Paul.
365 4141 485 4190 Diaconos
502 4140 631 4202 (historia,
646 4141 691 4190 lib.
712 4140 762 4190 xv.
780 4141 856 4191 Patr.
873 4140 933 4202 lat„
944 4145 964 4190 t.
982 4141 1061 4205 xcv).
1077 4169 1108 4178 —
1123 4142 1161 4192 Cl.
1180 4142 1249 4191 Pros-

194 4203 247 4266 peri
268 4203 413 4252 chronicon.

226 4279 260 4342 (δι
279 4280 346 4329 Paul.
361 4279 459 4328 Orosius
473 4279 596 4342 (Historia
607 4280 725 4329 adversus
738 4279 860 4342 Papunos,
876 4281 926 4341 llll,
937 4280 985 4342 42).
1000 4307 1030 4316 —
1046 4281 1082 4329 Cl.
1101 4283 1154 4328 Am.
1168 4280 1249 4329 Thiar·

196 4356 240 4406 ry:
256 4341 352 4404 Auru,
367 4357 394 4404 p.
409 4341 467 4390 lor.
