3142 5084
662 402 840 466 -174-

221 576 387 659 studiosi,
415 596 477 643 eos
497 595 573 641 non
594 575 672 641 sine
693 572 936 640 delectatione
957 576 992 639 et
1006 571 1126 639 fructu
1146 570 1282 638 lecturi
1313 590 1315 595 ·

221 706 305 772 sint.

267 831 357 916 Quis
369 851 457 900 vero
473 828 604 897 eadem
617 827 739 896 dicere
755 827 889 895 audeat
905 826 950 895 de
967 826 1125 910 Victore,
1144 846 1282 914 quam·

220 957 287 1041 viS,
300 962 340 1024 ut
350 954 522 1039 vidimus,
536 976 613 1022 non
624 953 727 1021 ornni
738 952 847 1020 laude
863 953 1010 1020 careat‘?
1020 951 1109 1041 Ejus
1124 952 1280 1038 librum,

222 1083 252 1150 si
272 1082 434 1149 historiae
463 1080 596 1170 regulis
620 1078 800 1165 attendaS,
829 1079 1069 1164 mediocrem,
1096 1097 1284 1168 gramma-

221 1207 282 1274 tici
315 1206 521 1294 praesertim
552 1203 786 1272 considerare
809 1209 965 1292 possunt
991 1209 1031 1271 ut
1058 1203 1284 1273 elocutionis

223 1335 508 1401 monumentum
519 1351 615 1419 quae,
628 1329 758 1418 inpuri
774 1329 955 1397 sermonis
967 1330 1100 1413 vicem,
1113 1330 1152 1395 in
1166 1329 1284 1416 scrip-

222 1421 291 1542 td&
298 1477 377 1525 sese
391 1457 651 1523 insinuaverat.
669 1454 771 1522 Illius
786 1454 1005 1522 elocutionis
1024 1454 1281 1522 characterem

223 1583 463 1670 satis,e1·ed0,
485 1584 524 1650 in
543 1583 613 1650 hac
634 1584 959 1667 commentatione,
981 1582 1174 1665 illustravi,
1199 1602 1284 1648 mu-

223 1721 316 1784 tatas
330 1716 369 1781 in
381 1713 626 1782 declinatione
639 1718 672 1780 et
687 1713 726 1778 in
743 1713 1001 1802 conjugatione
1011 1710 1285 1781 vocabulorum

223 1843 372 1926 formas,
402 1845 561 1908 mutatos
595 1840 706 1907 etiam
739 1860 867 1906 sensus
901 1839 1217 1907 substantivorum
1231 1922 1233 1927 ¹
1248 1843 1286 1906 et

225 1969 493 2058 adjectivorum
534 1972 569 2043 et
597 1968 808 2051 verborum,
848 1973 883 2035 et
915 1987 1072 2055 pravum
1110 1967 1285 2034 omnium

226 2097 403 2166 orationis
422 2097 584 2185 partium
598 2117 708 2163 usum
729 2116 951 2163 enumerans
974 2095 1105 2183 ,cujus
1121 2093 1285 2161 dissolu-

226 2225 337 2291 tionis
353 2223 520 2313 exempla
540 2224 664 2291 nescio
681 2243 728 2290 an
752 2222 859 2312 plura
879 2221 979 2312 apud
995 2221 1110 2290 alium
1129 2221 1286 2311 scripto-

227 2372 430 2440 remquam
443 2351 542 2441 apud
556 2350 742 2419 Victorem
758 2350 1006 2418 inveniantur.
1021 2348 1112 2433 Quae
1130 2348 1288 2437 quidem

227 2477 365 2545 idcirco
398 2477 490 2544 mihi
523 2476 696 2545 videntur
719 2474 1015 2544 consideratione
1043 2474 1164 2564 digna,
1195 2476 1286 2563 quia

228 2604 328 2672 idem
347 2604 408 2671 ille
429 2605 585 2692 scriptor
607 2604 785 2692 plebeiuS,
813 2602 896 2692 styli
915 2601 1066 2670 laudern
1085 2601 1283 2685 affectavit,
1334 2601 1337 2608 '

229 2738 263 2799 et
276 2733 392 2800 multa
407 2733 601 2799 rhetoricae
613 2731 700 2799 artis
715 2730 905 2818 usurpavit
920 2731 1176 2798 instrumenta.
1193 2726 1286 2811 Quis

230 2857 327 2927 dicat
346 2880 419 2947 qua
434 2861 578 2926 ratione
598 2859 677 2925 fieri
697 2859 858 2946 potuerit
874 2863 925 2942 ut,
943 2858 983 2924 in
1002 2857 1159 2926 Victoris
1171 2855 1283 2940 libro,

229 2985 392 3075 neglecta
413 2992 447 3053 et
462 2987 603 3074 abjecta
614 2986 749 3074 plebeii
765 2986 947 3053 sermonis
966 2985 1078 3052 verba
1099 2983 1286 3050 rhetorico

229 3113 287 3182 vel
306 3114 451 3203 poetico
472 3135 575 3181 more
596 3114 917 3197 concinnarentur,
936 3117 971 3179 et
991 3113 1030 3178 in
1045 3111 1178 3179 iisdem
1193 3109 1286 3179 locis

229 3240 327 3329 vulgi
346 3240 494 3308 licentia
515 3246 549 3307 et
564 3241 756 3307 rhetorum
777 3238 972 3326 disciplina
988 3241 1181 3325 appareret
1200 3236 1218 3303 ‘l

275 3367 361 3435 Haec
386 3367 610 3435 documento
627 3371 712 3435 sunt
735 3367 975 3455 quantumin
995 3364 1156 3433 deterius
1184 3362 1287 3451 apud

229 3495 348 3581 Afros,
369 3495 525 3563 Victoris
546 3500 664 3579 aetate,
695 3494 856 3561 latinitas
880 3493 982 3581 lapsa
1002 3492 1122 3576 fuerit,
1151 3511 1285 3579 quam-

231 3619 286 3688 vis
326 3638 549 3708 magnopere
587 3620 662 3688 sive
695 3619 872 3702 rhetores,
913 3617 977 3706 qui
1015 3639 1091 3685 non
1130 3616 1287 3684 omnino

234 3747 469 3825 evanuerant,
500 3743 576 3811 sive
607 3741 777 3830 discipuli
805 3743 1031 3809 eniterentur
1058 3745 1098 3809 ut
1122 3740 1288 3829 aliquam

234 3867 435 3935 celebrium
450 3869 672 3958 scriptorum
689 3870 888 3959 imaginem
900 3871 1158 3959 exprimerent.

277 3995 415 4063 Verum
443 3995 541 4063 illius
569 3997 658 4064 mali
690 4019 764 4086 quo
792 3997 905 4066 latina
933 3998 1070 4086 lingua,
1103 3998 1142 4064 in
1166 3995 1288 4064 Africa

234 4123 437 4207 laborabat,
460 4124 540 4212 Jam
568 4146 657 4210 non,
679 4125 805 4193 multis
835 4125 881 4193 de
908 4127 1040 4211 causis,
1063 4130 1140 4193 erat
1171 4144 1289 4192 reme-

236 4251 351 4320 dium.
387 4252 495 4338 Nam,
531 4254 597 4322 etsi
631 4253 899 4323 ditissimorum
928 4255 1065 4323 civium
1087 4252 1170 4337 filii,
1197 4258 1289 4320 teste
