3142 5084
591 1307 919 1398 PROOEMIUM

265 1950 365 2020 Alias
390 1951 441 2042 (1)
464 1950 609 2020 ostendi
635 1951 754 2040 qualis
775 1951 885 2020 fuerit
903 1950 1078 2021 Ecclesiae
1103 1951 1275 2020 africanae

221 2081 347 2162 status,
370 2098 467 2163 cum,
489 2077 692 2168 Augustino
708 2077 802 2146 duce
822 2084 857 2146 et
878 2084 1039 2164 auctore,
1056 2096 1220 2168 paganos
1240 2083 1275 2145 et

222 2202 415 2272 haereticos
430 2203 523 2273 adeo
538 2204 692 2273 feliciter
704 2205 956 2296 impugnabat,
972 2212 1011 2273 ut
1023 2205 1147 2273 nullus
1162 2204 1275 2272 chris-

221 2333 332 2401 tianae
366 2332 553 2422 religionis
583 2332 699 2399 hostis
731 2332 862 2401 Africae
894 2335 1076 2423 episcopis
1106 2333 1274 2402 resistere

220 2481 329 2549 posse
348 2459 545 2529 videretur.
568 2458 752 2549 Equidem
775 2467 986 2551 praepotens
1011 2467 1087 2530 erat
1110 2461 1274 2529 Ecclesia

196 2578 199 2583 ’
220 2585 295 2670 illa,
316 2590 564 2674 praepotentes
584 2590 619 2653 et
635 2587 713 2673 ejus
728 2586 886 2654 ministri
902 2587 1037 2675 quibus
1052 2585 1193 2676 aliquid
1207 2607 1273 2675 pe-

220 2710 380 2778 tentibus
399 2709 640 2799 proconsules
660 2711 724 2800 qui
747 2710 966 2800 Carthagine
990 2716 1106 2796 erant,
1135 2716 1170 2779 et
1194 2711 1273 2800 ipse

219 2839 421 2928 imperator
439 2859 616 2907 romanus
641 2840 864 2907 submissam
890 2860 1018 2907 aurem
1041 2840 1269 2928 praebebant.

218 2966 382 3034 Litterati
402 2966 513 3034 etiam
533 2966 704 3034 homines
719 2967 812 3034 nihil
828 2968 944 3056 magis
959 2966 1028 3034 sibi
1044 2967 1178 3034 honori
1193 2988 1272 3034 esse

219 3093 415 3179 ducebant,
438 3114 551 3183 quam
572 3095 601 3161 si
616 3093 840 3184 Augustinus
860 3115 986 3163 secum
1006 3095 1271 3162 commercium

216 3243 284 3311 per
302 3222 441 3290 litteras
457 3226 520 3289 aut
536 3219 582 3288 de
600 3220 823 3310 quibusdam
839 3224 1106 3311 quaestionibus
1125 3222 1173 3290 ad
1191 3223 1272 3312 phi·
1367 3296 1369 3303 ,

217 3348 426 3438 losophiam
439 3353 474 3417 et
485 3347 533 3416 ad
543 3348 767 3438 theologiam
779 3350 1029 3438 spectantibus
1042 3349 1271 3439 colloquium

215 3476 405 3544 instituere
417 3475 538 3544 vellet.
553 3474 629 3544 Nec
641 3476 791 3560 mirum,
808 3497 893 3544 cum
907 3476 1008 3545 nulla
1022 3483 1116 3545 esset
1129 3478 1168 3545 in
1178 3477 1270 3545 Afri-

216 3624 259 3672 ca
284 3603 565 3692 magistratuum
594 3602 799 3671 aliorumve
825 3603 1058 3692 imperatoris
1084 3605 1270 3674 ministro-

145 3719 153 3727 ’
215 3750 300 3796 rum
315 3729 512 3797 auctoritas
528 3751 612 3819 quae
623 3731 884 3819 episcoporum
899 3733 1115 3800 auctoritate
1129 3755 1270 3822 praeva-

215 3854 305 3923 leret
323 3877 330 3941 ;
349 3876 462 3944 quam
477 3855 503 3922 ii
518 3853 713 3944 disciplina
728 3861 763 3923 et
778 3857 871 3923 mira
891 3857 987 3924 inter
1000 3879 1038 3926 se
1054 3857 1265 3944 concordia,

245 4166 280 4228 (ll
298 4165 375 4216 vide:
391 4167 425 4217 Lo
440 4168 567 4219 situation
581 4169 712 4232 religieusc
726 4169 756 4220 dc
768 4170 892 4235 l'Asrique
909 4170 1024 4221 romuiac
1043 4172 1129 4237 depuis
1145 4172 1169 4222 lo
1183 4174 1219 4236 fin
1232 4172 1266 4222 du

215 4243 255 4295 1V=
273 4243 344 4294 sie'cle
355 4245 458 4312 jusqu’i
473 4245 603 4298 l’iuausion
616 4245 659 4298 dea
678 4245 797 4303 Vandalea
813 4247 897 4313 (Paris,
910 4248 994 4311 utun,
1010 4247 1095 4314 1897).
