3142 5084
532 1004 572 1076 B.
602 1043 647 1055 -
676 1022 718 1075 ou
745 1021 852 1076 srno
879 1021 1042 1076 vioronrs

702 1252 871 1263 ——-—

611 1560 763 1630 enpur
786 1561 970 1630 Parnon

551 1776 590 1820 DE
604 1775 773 1820 VERBORUM
791 1774 1027 1820 collocatione

306 2003 527 2093 Quanquam
551 2004 676 2073 Victor
695 2005 1020 2093 grammaticorum
1040 2003 1185 2093 regulis,
1207 2008 1247 2070 ut
1261 2003 1316 2071 vi-

262 2127 395 2213 dimus,
413 2149 545 2218 parum
561 2127 694 2212 studet,
717 2128 888 2212 multum,
906 2132 943 2196 at
958 2127 1110 2217 quidem
1130 2147 1254 2217 prave,
1277 2127 1316 2193 in

260 2256 382 2323 verbis
402 2255 584 2324 concinne
604 2255 830 2323 collocandis
847 2255 1024 2323 elaborat.

198 2410 207 2421 „
298 2382 343 2472 α)
363 2382 506 2471 Saepius
521 2383 721 2450 sententias
736 2382 882 2450 duobus
892 2383 1014 2451 verbis
1029 2383 1125 2450 inter
1139 2403 1177 2449 se
1193 2381 1315 2449 stricte

261 2507 480 2593 conjunctis,
512 2506 740 2575 substantivo
761 2512 796 2573 et
816 2507 894 2593 ejus
921 2503 1115 2593 adjectiv0,
1137 2503 1251 2571 verbo
1281 2506 1316 2569 et

260 2630 363 2698 verbi
383 2630 540 2718 objecto,
559 2628 747 2698 concludit
771 2628 834 2719 (1),
857 2628 959 2719 quod
987 2629 1026 2695 in
1056 2628 1233 2716 exemplis
1262 2647 1316 2694 se·

261 2757 460 2846 quentibus
474 2756 600 2825 videre
620 2762 673 2824 est
696 2779 702 2824 :

300 2880 344 2944 Ut
357 2880 487 2943 famam
500 2900 570 2944 suoe
585 2880 776 2944 terribilem
795 2882 920 2944 faceret
931 2879 1022 2964 penti
1037 2880 1076 2959 (Ι,
1093 2880 1136 2956 Ι).
1168 2879 1207 2942 ln
1218 2883 1316 2963 porta

259 2973 424 3038 incensus
450 2981 500 3038 est
523 2975 708 3038 Fornituna
730 2975 769 3055 (l,
793 2976 854 3051 10).
882 2974 972 3037 Illud
992 2973 1199 3057 eloquentiae
1221 2973 1316 3056 quod

259 3067 410 3131 ubertim
437 3088 498 3151 per
521 3087 642 3132 omnes
664 3087 807 3152 campos
828 3067 991 3131 Ecclesiae
1007 3065 1221 3146 decurrebat,
1239 3067 1315 3150 ipso

259 3162 355 3220 metu
369 3158 538 3221 siccatum
553 3164 605 3221 est
621 3161 745 3242 {lumen
761 3159 800 3238 (Ι,
817 3161 880 3236 ll).
908 3159 1034 3221 Horum
1056 3176 1145 3240 quos
1166 3157 1315 3239 genuisti

259 3250 423 3315 miserere
447 3251 558 3334 impia
574 3254 791 3336 paruulorum
818 3253 888 3332 (ΙΙΙ,
914 3253 976 3329 26).
1010 3251 1113 3335 Cujus
1135 3251 1314 3314 veritatem

258 3346 456 3409 sacramenti
482 3347 605 3426 (Ι,19).
636 3347 784 3425 Quarum
809 3367 918 3410 unam
943 3346 1079 3408 illorum
1104 3345 1143 3423 (l,
1171 3345 1234 3422 14).
1264 3344 1312 3409 cf.

258 3437 375 3522 Optat.
408 3439 481 3502 Mil.
512 3463 517 3503 :
545 3441 683 3504 Illorum
714 3459 865 3523 quorum
895 3440 975 3504 nolo
1003 3438 1177 3501 bominum
1203 3438 1315 3501 facere

225 3578 228 3582 -
259 3532 473 3597 mentionem
488 3534 559 3614 (ΙΙΙ,
577 3536 620 3612 6).

303 3650 340 3741 b)
364 3651 575 3741 Saepissime
604 3674 743 3721 nomen
777 3652 1048 3721 substantivum
1067 3656 1151 3741 post
1174 3671 1313 3740 prono-

258 3798 345 3846 men
360 3778 568 3864 relativum,
583 3780 745 3863 iteratur,
767 3779 926 3868 vulgaris
939 3779 1077 3868 eloquii
1093 3777 1310 3847 imitatione.

257 3902 375 3993 Hujus
391 3907 444 3973 rei
461 3906 629 3995 exempla
643 3905 733 3973 alias
748 3905 873 3973 inveni
896 3929 903 3973 :

297 4030 469 4109 Mulier...,·
486 4051 560 4113 quae
575 4031 695 4094 mulier
709 4032 810 4108 (Petr.
827 4031 891 4108 42).
966 4037 1059 4095 extra
1076 4051 1156 4095 eum
1179 4051 1311 4114 aprum,

259 4125 316 4205 qui
330 4144 409 4209 aper
424 4125 535 4208 (Corp.
555 4126 685 4207 inscrip.
705 4125 775 4204 lot,
794 4126 819 4204 l,
836 4126 919 4203 200).

291 4353 326 4419 (l)
343 4355 393 4404 Hoc
408 4353 494 4418 gallice
509 4353 676 4406 enataverunt
688 4353 802 4405 dicimus.
