3142 5084
779 406 940 468 ..42-

333 576 500 643 seruisse.
529 575 712 658 Attamen,
734 575 880 644 Poetsch
907 575 1075 663 opinioni
1102 596 1179 642 non
1205 575 1386 642 assentior

332 703 395 792 qui
415 702 531 771 credit
550 725 636 773 eum
656 703 874 793 Carthagine
893 703 1032 771 librum
1047 702 1236 792 scripsisse
1255 701 1317 793 (1).
1337 701 1384 770 Ut

332 831 432 899 enim
451 830 490 899 id
508 852 638 900 verum
658 831 983 916 demonstraretur,
1013 835 1148 899 arecto
1177 853 1287 899 sensu
1307 832 1383 921 pri-

331 979 435 1025 mum
451 956 706 1048 detorquenda
721 963 842 1026 essent
856 959 968 1026 verba
989 980 1007 1024 r<
1022 957 1081 1026 bic
1094 957 1244 1047 relegati
1264 980 1280 1024 1)
1298 980 1382 1048 quae

331 1083 562 1151 nullomodo
579 1083 837 1173 Carthaginem
847 1086 1003 1174 possunt
1017 1082 1220 1172 designare.
1238 1081 1382 1151 Deinde

329 1209 369 1275 in
401 1208 471 1276 hac
496 1208 587 1277 urbe
611 1208 769 1277 latebras
795 1231 872 1277 non
895 1209 1095 1278 invenisset
1119 1209 1254 1299 quibus
1280 1209 1314 1277 ei
1334 1209 1383 1277 ad
1440 1261 1448 1292 ,

330 1334 563 1404 scribendam
588 1337 885 1424 persecutionem
914 1358 1008 1425 opus
1034 1340 1121 1404 crat.
1155 1334 1200 1403 At
1227 1335 1381 1406 fortasse

329 1462 482 1553 quidam
497 1461 589 1530 mihi
609 1463 784 1552 objicient
802 1463 988 1533 Victorem
1009 1462 1228 1552 Carthagine
1243 1467 1279 1530 et
1293 1463 1381 1531 resi·

329 1587 415 1655 dere
436 1593 471 1656 et
490 1591 649 1658 scribere
664 1591 839 1680 potuisse,
861 1594 945 1679 post
965 1594 1178 1658 revocatum
1198 1611 1219 1657 a
1239 1587 1379 1657 Gunta-
1446 1582 1449 1590 ’

309 1709 470 1784 ‘mundo
499 1717 539 1784 in
569 1717 666 1785 hanc
698 1719 829 1786 urbem
863 1715 1081 1807 Eugenium,
1117 1715 1379 1806 redditumque

328 1842 536 1912 christianis
558 1845 673 1912 saneti
695 1844 810 1934 Agilei
835 1845 1091 1914 coemeterium
1115 1848 1149 1912 et
1171 1845 1378 1912 restitutam

328 1967 611 2058 carthaginiensi
632 1968 805 2038 Ecclesiae
827 1991 970 2059 pacem.
992 1969 1130 2039 Verum
1154 1970 1378 2038 contrariam

327 2096 546 2163 sententiam
565 2096 671 2164 facile
691 2097 894 2186 amplector
913 2118 999 2165 cum
1018 2097 1057 2164 in
1077 2098 1206 2186 quavis
1221 2097 1378 2166 Victoris

326 2221 409 2289 libri
429 2227 533 2309 parte
553 2221 791 2310 deprehendo
812 2224 1031 2292 continuum
1060 2224 1166 2292 illum
1185 2225 1249 2292 irae
1269 2229 1305 2292 et
1324 2225 1378 2291 in-

326 2347 548 2438 dignationis
574 2351 756 2440 impetum
787 2353 851 2440 qui
878 2372 954 2419 non
982 2357 1034 2419 est
1066 2353 1254 2441 scriptoris
1285 2373 1377 2441 pace

324 2475 489 2560 fruentis,
512 2475 708 2565 sedpotius
723 2477 944 2545 instantibus
957 2478 1252 2567 malisexagitati.
1267 2477 1377 2561 Quod

325 2603 366 2687 si,
382 2608 422 2671 ut
440 2602 637 2692 Eugenius,
656 2602 910 2673 Guntamundi
925 2604 1120 2673 clementia
1134 2605 1270 2690 Victor,
1281 2606 1377 2674 inter

323 2729 572 2814 scribendum,
590 2753 678 2798 usus
692 2737 797 2816 esset,
815 2753 997 2800 novarum
1012 2753 1137 2800 rerum
1153 2753 1218 2821 spe
1235 2731 1376 2800 demul-
1432 2758 1441 2766 “

323 2879 396 2941 sus,
425 2879 640 2946 quanquam
666 2857 789 2926 adhuc
820 2859 1091 2948 praeteritarum
1123 2860 1375 2927 calamitatum

322 3005 477 3068 memor,
506 3005 584 3052 non
609 2984 703 3053 adeo
723 2985 962 3054 vehementer
988 2986 1036 3054 ad
1054 2985 1320 3075 protegendam
1340 2991 1376 3053 et

320 3109 571 3179 ulciscendam
589 3111 762 3180 Afrorum
781 3111 995 3198 Ecclesiam,
1019 3119 1170 3181 cunctos
1191 3115 1290 3182 orbis
1306 3118 1375 3181 ter-

320 3258 446 3306 rarum
465 3238 684 3308 christianos
703 3246 949 3329 provocasset.
964 3240 1071 3331 Ergo,
1088 3243 1170 3330 quis
1187 3241 1374 3311 dieatVic·

319 3370 437 3434 torem
457 3389 534 3435 non
555 3368 671 3435 exsilii
684 3369 741 3436 sui
756 3374 922 3458 tempore
939 3370 1153 3459 scripsisse‘?
1168 3370 1372 3454 Nemeum

318 3494 469 3562 ineunte
489 3493 742 3565 Guntamundi
768 3515 893 3585 regno,
921 3498 1128 3585 persecutio
1154 3496 1371 3587 Carthagine

317 3622 569 3707 deferbuisset,
592 3625 631 3690 in
646 3625 726 3691 aliis
747 3625 955 3692 civitatibus
975 3631 1010 3693 et
1029 3627 1236 3715 praesertim
1255 3627 1295 3693 in
1315 3648 1369 3694 re-

318 3749 532 3817 motissimis
552 3751 654 3834 loeis,
671 3752 875 3841 presbyteri
891 3753 1020 3837 ariani,
1037 3753 1234 3820 hominum
1253 3753 1370 3820 infen-

318 3876 465 3960 sissimi,
488 3898 554 3944 sua
574 3882 717 3966 sponte,
737 3879 816 3946 sine
832 3879 908 3947 ullo
921 3880 1014 3968 regis
1020 3880 1139 3967 jussu,
1154 3880 1366 3963 saeviebant,

318 4006 353 4070 et
372 4002 658 4071 christianorum
682 4004 840 4073 latebras
866 4006 1125 4073 scrutabantur
1151 4006 1213 4096 (2).
1249 4005 1368 4094 Atque

348 4264 382 4327 (1)
400 4265 495 4313 Poetscb
509 4263 592 4328 (opere
603 4265 698 4330 citato),
715 4281 740 4328 p.
757 4271 784 4316 3.

348 4338 383 4405 (1)
400 4341 555 4392 Ferrandus:
576 4341 631 4394 Vita
646 4340 732 4394 Sancti
747 4339 881 4407 Fulgentii,
901 4355 956 4408 cap.
974 4353 1028 4398 vui.
