<?xml version="1.0" encoding="UTF-8"?>
<!DOCTYPE html PUBLIC "-//W3C//DTD XHTML 1.0 Transitional//EN"
    "http://www.w3.org/TR/xhtml1/DTD/xhtml1-transitional.dtd">
<html xmlns="http://www.w3.org/1999/xhtml" xml:lang="en" lang="en">
 <head>
  <title>
</title>
<meta http-equiv="Content-Type" content="text/html;charset=utf-8" />
  <meta name='ocr-system' content='tesseract 3.04.00' />
  <meta name='ocr-capabilities' content='ocr_page ocr_carea ocr_par ocr_line ocrx_word'/>
</head>
<body>
  <div class='ocr_page' id='page_1' title='image "./devictorisviten00ferrgoog_0078.png"; bbox 0 0 3142 5084; ppageno 0'>
   <div class='ocr_carea' id='block_1_1' title="bbox 702 420 860 486">
    <p class='ocr_par' dir='ltr' id='par_1_1' title="bbox 702 420 860 486">
     <span class='ocr_line' id='line_1_1' title="bbox 702 420 860 486; baseline 0.013 -16"><span class='ocrx_word' id='word_1_1' title='bbox 702 420 860 486; x_wconf 81' lang='lat'>-69-</span> 
     </span>
    </p>
   </div>
   <div class='ocr_carea' id='block_1_2' title="bbox 178 592 1309 2467">
    <p class='ocr_par' dir='ltr' id='par_1_2' title="bbox 178 592 1309 2344">
     <span class='ocr_line' id='line_1_2' title="bbox 300 592 1308 685; baseline -0.001 -20"><span class='ocrx_word' id='word_1_2' title='bbox 300 596 453 681; x_wconf 91' lang='lat' dir='ltr'>Verum,</span> <span class='ocrx_word' id='word_1_3' title='bbox 487 594 649 683; x_wconf 82' lang='lat' dir='ltr'>inquies,</span> <span class='ocrx_word' id='word_1_4' title='bbox 680 592 806 662; x_wconf 79' lang='lat' dir='ltr'>Victor</span> <span class='ocrx_word' id='word_1_5' title='bbox 837 593 961 661; x_wconf 91' lang='lat' dir='ltr'>minus</span> <span class='ocrx_word' id='word_1_6' title='bbox 989 593 1176 664; x_wconf 89' lang='lat' dir='ltr'>Vandalos</span> <span class='ocrx_word' id='word_1_7' title='bbox 1208 595 1308 685; x_wconf 92' lang='lat' dir='ltr'>ipsos</span> 
     </span>
     <span class='ocr_line' id='line_1_3' title="bbox 255 720 1307 815; baseline -0.001 -22"><span class='ocrx_word' id='word_1_8' title='bbox 255 745 369 815; x_wconf 88' lang='lat' dir='ltr'>quam</span> <span class='ocrx_word' id='word_1_9' title='bbox 388 743 518 792; x_wconf 91' lang='lat' dir='ltr'>eorum</span> <span class='ocrx_word' id='word_1_10' title='bbox 538 721 745 790; x_wconf 79' lang='lat' dir='ltr'>doctrinam</span> <span class='ocrx_word' id='word_1_11' title='bbox 769 720 1089 790; x_wconf 79' lang='lat' dir='ltr'>criminationibus</span> <span class='ocrx_word' id='word_1_12' title='bbox 1109 722 1307 792; x_wconf 89' lang='lat' dir='ltr'>insectatus</span> 
     </span>
     <span class='ocr_line' id='line_1_4' title="bbox 257 848 1307 936; baseline -0.003 -14"><span class='ocrx_word' id='word_1_13' title='bbox 257 858 321 922; x_wconf 88' lang='lat' dir='ltr'>est.</span> <span class='ocrx_word' id='word_1_14' title='bbox 338 850 539 936; x_wconf 85' lang='lat' dir='ltr'>At,herele,</span> <span class='ocrx_word' id='word_1_15' title='bbox 550 850 609 918; x_wconf 91' lang='lat' dir='ltr'>cui</span> <span class='ocrx_word' id='word_1_16' title='bbox 624 849 696 917; x_wconf 92' lang='lat' dir='ltr'>hoc</span> <span class='ocrx_word' id='word_1_17' title='bbox 711 849 848 917; x_wconf 94' lang='lat' dir='ltr'>mirum</span> <span class='ocrx_word' id='word_1_18' title='bbox 863 848 1072 918; x_wconf 81' lang='lat' dir='ltr'>videbitur‘l</span> <span class='ocrx_word' id='word_1_19' title='bbox 1088 849 1178 934; x_wconf 85' lang='lat' dir='ltr'>Quis</span> <span class='ocrx_word' id='word_1_20' title='bbox 1192 852 1307 919; x_wconf 91' lang='lat' dir='ltr'>nescit</span> 
     </span>
     <span class='ocr_line' id='line_1_5' title="bbox 256 976 1307 1064; baseline -0.003 -17"><span class='ocrx_word' id='word_1_21' title='bbox 256 979 422 1047; x_wconf 87' lang='lat' dir='ltr'>arianam</span> <span class='ocrx_word' id='word_1_22' title='bbox 454 977 626 1044; x_wconf 88' lang='lat' dir='ltr'>haeresim</span> <span class='ocrx_word' id='word_1_23' title='bbox 659 976 885 1043; x_wconf 86' lang='lat' dir='ltr'>teterrimam</span> <span class='ocrx_word' id='word_1_24' title='bbox 917 980 1059 1064; x_wconf 90' lang='lat' dir='ltr'>pestem</span> <span class='ocrx_word' id='word_1_25' title='bbox 1094 977 1307 1045; x_wconf 82' lang='lat' dir='ltr'>exstitisse‘l</span> 
     </span>
     <span class='ocr_line' id='line_1_6' title="bbox 255 1105 1307 1193; baseline -0.003 -16"><span class='ocrx_word' id='word_1_26' title='bbox 255 1107 350 1179; x_wconf 93' lang='lat' dir='ltr'>Nolo</span> <span class='ocrx_word' id='word_1_27' title='bbox 379 1125 672 1176; x_wconf 88' lang='lat' dir='ltr'>commemorare</span> <span class='ocrx_word' id='word_1_28' title='bbox 700 1105 897 1189; x_wconf 91' lang='lat' dir='ltr'>turbatam,</span> <span class='ocrx_word' id='word_1_29' title='bbox 929 1110 1060 1193; x_wconf 89' lang='lat' dir='ltr'>quarto</span> <span class='ocrx_word' id='word_1_30' title='bbox 1090 1106 1238 1192; x_wconf 92' lang='lat' dir='ltr'>saeculo,</span> <span class='ocrx_word' id='word_1_31' title='bbox 1260 1108 1307 1176; x_wconf 94' lang='lat' dir='ltr'>ab</span> 
     </span>
     <span class='ocr_line' id='line_1_7' title="bbox 254 1211 1305 1322; baseline -0.001 -17"><span class='ocrx_word' id='word_1_32' title='bbox 254 1235 330 1308; x_wconf 82' lang='lat' dir='ltr'>Arii</span> <span class='ocrx_word' id='word_1_33' title='bbox 356 1233 563 1302; x_wconf 81' lang='lat' dir='ltr'>fautoribus</span> <span class='ocrx_word' id='word_1_34' title='bbox 589 1232 688 1300; x_wconf 93' lang='lat' dir='ltr'>orbis</span> <span class='ocrx_word' id='word_1_35' title='bbox 714 1213 896 1300; x_wconf 89' lang='lat' dir='ltr'>terrarum</span> <span class='ocrx_word' id='word_1_36' title='bbox 925 1211 1068 1322; x_wconf 88' lang='lat' dir='ltr'>pacem,</span> <span class='ocrx_word' id='word_1_37' title='bbox 1093 1235 1305 1322; x_wconf 87' lang='lat' dir='ltr'>luctantem,</span> 
     </span>
     <span class='ocr_line' id='line_1_8' title="bbox 255 1357 1309 1445; baseline 0 -15"><span class='ocrx_word' id='word_1_38' title='bbox 255 1368 294 1430; x_wconf 94' lang='lat' dir='ltr'>ut</span> <span class='ocrx_word' id='word_1_39' title='bbox 307 1361 359 1430; x_wconf 87' lang='lat' dir='ltr'>ita</span> <span class='ocrx_word' id='word_1_40' title='bbox 368 1359 509 1445; x_wconf 88' lang='lat' dir='ltr'>dicam,</span> <span class='ocrx_word' id='word_1_41' title='bbox 520 1380 605 1426; x_wconf 91' lang='lat' dir='ltr'>cum</span> <span class='ocrx_word' id='word_1_42' title='bbox 617 1357 766 1427; x_wconf 85' lang='lat' dir='ltr'>Oriente</span> <span class='ocrx_word' id='word_1_43' title='bbox 775 1357 1026 1444; x_wconf 87' lang='lat' dir='ltr'>Occidentem,</span> <span class='ocrx_word' id='word_1_44' title='bbox 1041 1361 1309 1430; x_wconf 89' lang='lat' dir='ltr'>catholicorum</span> 
     </span>
     <span class='ocr_line' id='line_1_9' title="bbox 255 1486 1307 1577; baseline -0.001 -19"><span class='ocrx_word' id='word_1_45' title='bbox 255 1488 421 1577; x_wconf 88' lang='lat' dir='ltr'>undique</span> <span class='ocrx_word' id='word_1_46' title='bbox 442 1487 659 1576; x_wconf 84' lang='lat' dir='ltr'>sanguinem</span> <span class='ocrx_word' id='word_1_47' title='bbox 678 1486 848 1571; x_wconf 88' lang='lat' dir='ltr'>effusum,</span> <span class='ocrx_word' id='word_1_48' title='bbox 867 1487 1060 1576; x_wconf 90' lang='lat' dir='ltr'>episcopos</span> <span class='ocrx_word' id='word_1_49' title='bbox 1079 1489 1119 1555; x_wconf 95' lang='lat' dir='ltr'>in</span> <span class='ocrx_word' id='word_1_50' title='bbox 1139 1489 1307 1557; x_wconf 88' lang='lat' dir='ltr'>exsilium</span> 
     </span>
     <span class='ocr_line' id='line_1_10' title="bbox 255 1601 1305 1705; baseline -0.001 -17"><span class='ocrx_word' id='word_1_51' title='bbox 255 1601 375 1704; x_wconf 83' lang='lat' dir='ltr'>actos,</span> <span class='ocrx_word' id='word_1_52' title='bbox 388 1618 571 1686; x_wconf 90' lang='lat' dir='ltr'>Barbaros</span> <span class='ocrx_word' id='word_1_53' title='bbox 596 1615 756 1705; x_wconf 92' lang='lat' dir='ltr'>denique</span> <span class='ocrx_word' id='word_1_54' title='bbox 784 1616 1007 1685; x_wconf 86' lang='lat' dir='ltr'>Arianorum</span> <span class='ocrx_word' id='word_1_55' title='bbox 1026 1619 1162 1686; x_wconf 84' lang='lat' dir='ltr'>auxilio</span> <span class='ocrx_word' id='word_1_56' title='bbox 1181 1619 1305 1705; x_wconf 89' lang='lat' dir='ltr'>fretos,</span> 
     </span>
     <span class='ocr_line' id='line_1_11' title="bbox 255 1744 1308 1836; baseline -0.001 -21"><span class='ocrx_word' id='word_1_57' title='bbox 255 1746 402 1836; x_wconf 87' lang='lat' dir='ltr'>imperii</span> <span class='ocrx_word' id='word_1_58' title='bbox 435 1745 528 1813; x_wconf 91' lang='lat' dir='ltr'>fines</span> <span class='ocrx_word' id='word_1_59' title='bbox 562 1750 797 1832; x_wconf 91' lang='lat' dir='ltr'>occupantes.</span> <span class='ocrx_word' id='word_1_60' title='bbox 834 1744 913 1830; x_wconf 91' lang='lat' dir='ltr'>Cui,</span> <span class='ocrx_word' id='word_1_61' title='bbox 945 1767 1022 1813; x_wconf 88' lang='lat' dir='ltr'>non</span> <span class='ocrx_word' id='word_1_62' title='bbox 1049 1746 1169 1813; x_wconf 90' lang='lat' dir='ltr'>solum</span> <span class='ocrx_word' id='word_1_63' title='bbox 1196 1746 1308 1814; x_wconf 91' lang='lat' dir='ltr'>chris-</span> 
     </span>
     <span class='ocr_line' id='line_1_12' title="bbox 254 1858 1308 1957; baseline -0.001 -16"><span class='ocrx_word' id='word_1_64' title='bbox 254 1858 367 1957; x_wconf 84' lang='lat' dir='ltr'>tiano,</span> <span class='ocrx_word' id='word_1_65' title='bbox 390 1871 586 1940; x_wconf 89' lang='lat' dir='ltr'>sedetiam</span> <span class='ocrx_word' id='word_1_66' title='bbox 610 1891 766 1938; x_wconf 87' lang='lat' dir='ltr'>romano</span> <span class='ocrx_word' id='word_1_67' title='bbox 786 1870 942 1957; x_wconf 88' lang='lat' dir='ltr'>homini,</span> <span class='ocrx_word' id='word_1_68' title='bbox 965 1872 1036 1939; x_wconf 92' lang='lat' dir='ltr'>hoc</span> <span class='ocrx_word' id='word_1_69' title='bbox 1057 1893 1133 1939; x_wconf 93' lang='lat' dir='ltr'>non</span> <span class='ocrx_word' id='word_1_70' title='bbox 1153 1871 1308 1940; x_wconf 92' lang='lat' dir='ltr'>detesta-</span> 
     </span>
     <span class='ocr_line' id='line_1_13' title="bbox 178 1986 1308 2090; baseline -0.003 -19"><span class='ocrx_word' id='word_1_71' title='bbox 178 2066 182 2071; x_wconf 89' lang='lat'>.</span> <span class='ocrx_word' id='word_1_72' title='bbox 254 1986 328 2070; x_wconf 84' lang='lat' dir='ltr'>bile</span> <span class='ocrx_word' id='word_1_73' title='bbox 348 2005 384 2069; x_wconf 90' lang='lat' dir='ltr'>et</span> <span class='ocrx_word' id='word_1_74' title='bbox 403 1999 575 2068; x_wconf 93' lang='lat' dir='ltr'>odiosum</span> <span class='ocrx_word' id='word_1_75' title='bbox 599 1999 725 2066; x_wconf 81' lang='lat' dir='ltr'>esset‘l</span> <span class='ocrx_word' id='word_1_76' title='bbox 747 1997 935 2082; x_wconf 84' lang='lat' dir='ltr'>Quantum</span> <span class='ocrx_word' id='word_1_77' title='bbox 956 2000 1065 2090; x_wconf 82' lang='lat' dir='ltr'>igitur</span> <span class='ocrx_word' id='word_1_78' title='bbox 1083 1999 1239 2069; x_wconf 90' lang='lat' dir='ltr'>Victoris</span> <span class='ocrx_word' id='word_1_79' title='bbox 1254 2001 1308 2068; x_wconf 89' lang='lat' dir='ltr'>ira</span> 
     </span>
     <span class='ocr_line' id='line_1_14' title="bbox 256 2124 1308 2214; baseline -0.001 -19"><span class='ocrx_word' id='word_1_80' title='bbox 256 2132 442 2196; x_wconf 87' lang='lat' dir='ltr'>commota</span> <span class='ocrx_word' id='word_1_81' title='bbox 458 2131 522 2210; x_wconf 88' lang='lat' dir='ltr'>est,</span> <span class='ocrx_word' id='word_1_82' title='bbox 541 2131 594 2193; x_wconf 92' lang='lat' dir='ltr'>tot</span> <span class='ocrx_word' id='word_1_83' title='bbox 609 2125 860 2213; x_wconf 89' lang='lat' dir='ltr'>calamitatum</span> <span class='ocrx_word' id='word_1_84' title='bbox 876 2147 967 2214; x_wconf 89' lang='lat' dir='ltr'>quas</span> <span class='ocrx_word' id='word_1_85' title='bbox 982 2124 1070 2210; x_wconf 84' lang='lat' dir='ltr'>Afri,</span> <span class='ocrx_word' id='word_1_86' title='bbox 1085 2124 1308 2194; x_wconf 92' lang='lat' dir='ltr'>dominanti-</span> 
     </span>
     <span class='ocr_line' id='line_1_15' title="bbox 255 2251 997 2344; baseline -0.003 -23"><span class='ocrx_word' id='word_1_87' title='bbox 255 2254 324 2322; x_wconf 91' lang='lat' dir='ltr'>bus</span> <span class='ocrx_word' id='word_1_88' title='bbox 343 2251 500 2337; x_wconf 84' lang='lat' dir='ltr'>Arianis,</span> <span class='ocrx_word' id='word_1_89' title='bbox 523 2252 740 2336; x_wconf 86' lang='lat' dir='ltr'>tolerabant,</span> <span class='ocrx_word' id='word_1_90' title='bbox 763 2253 997 2344; x_wconf 85' lang='lat' dir='ltr'>spectaculo!</span> 
     </span>
    </p>

    <p class='ocr_par' dir='ltr' id='par_1_3' title="bbox 301 2377 1308 2467">
     <span class='ocr_line' id='line_1_16' title="bbox 301 2377 1308 2467; baseline -0.003 -19"><span class='ocrx_word' id='word_1_91' title='bbox 301 2378 392 2463; x_wconf 84' lang='lat' dir='ltr'>Quae</span> <span class='ocrx_word' id='word_1_92' title='bbox 411 2380 477 2462; x_wconf 89' lang='lat' dir='ltr'>ira,</span> <span class='ocrx_word' id='word_1_93' title='bbox 500 2400 585 2446; x_wconf 92' lang='lat' dir='ltr'>cum</span> <span class='ocrx_word' id='word_1_94' title='bbox 605 2380 779 2446; x_wconf 92' lang='lat' dir='ltr'>omnibus</span> <span class='ocrx_word' id='word_1_95' title='bbox 798 2378 904 2463; x_wconf 81' lang='lat' dir='ltr'>Afris,</span> <span class='ocrx_word' id='word_1_96' title='bbox 927 2385 967 2446; x_wconf 92' lang='lat' dir='ltr'>ut</span> <span class='ocrx_word' id='word_1_97' title='bbox 987 2400 1007 2446; x_wconf 89' lang='lat' dir='ltr'>a</span> <span class='ocrx_word' id='word_1_98' title='bbox 1027 2379 1188 2467; x_wconf 90' lang='lat' dir='ltr'>pessimo</span> <span class='ocrx_word' id='word_1_99' title='bbox 1208 2377 1308 2446; x_wconf 83' lang='lat' dir='ltr'>Aria-</span> 
     </span>
    </p>
   </div>
   <div class='ocr_carea' id='block_1_3' title="bbox 152 2504 1305 2591">
    <p class='ocr_par' dir='ltr' id='par_1_4' title="bbox 152 2504 1305 2591">
     <span class='ocr_line' id='line_1_17' title="bbox 152 2504 1305 2591; baseline -0.003 -15"><span class='ocrx_word' id='word_1_100' title='bbox 152 2569 167 2590; x_wconf 64' lang='lat'>,</span> <span class='ocrx_word' id='word_1_101' title='bbox 256 2529 391 2576; x_wconf 91' lang='lat' dir='ltr'>norum</span> <span class='ocrx_word' id='word_1_102' title='bbox 433 2506 532 2574; x_wconf 91' lang='lat' dir='ltr'>cultu</span> <span class='ocrx_word' id='word_1_103' title='bbox 573 2507 810 2591; x_wconf 85' lang='lat' dir='ltr'>abstinerent,</span> <span class='ocrx_word' id='word_1_104' title='bbox 851 2511 945 2573; x_wconf 91' lang='lat' dir='ltr'>esset</span> <span class='ocrx_word' id='word_1_105' title='bbox 982 2504 1305 2591; x_wconf 88' lang='lat' dir='ltr'>communicanda,</span> 
     </span>
    </p>
   </div>
   <div class='ocr_carea' id='block_1_4' title="bbox 256 2634 1309 2849">
    <p class='ocr_par' dir='ltr' id='par_1_5' title="bbox 256 2634 1309 2849">
     <span class='ocr_line' id='line_1_18' title="bbox 256 2634 1309 2723; baseline -0.004 -19"><span class='ocrx_word' id='word_1_106' title='bbox 256 2635 460 2704; x_wconf 86' lang='lat' dir='ltr'>vandalicae</span> <span class='ocrx_word' id='word_1_107' title='bbox 480 2635 746 2723; x_wconf 89' lang='lat' dir='ltr'>persecutionis</span> <span class='ocrx_word' id='word_1_108' title='bbox 762 2634 1011 2701; x_wconf 88' lang='lat' dir='ltr'>narrationem</span> <span class='ocrx_word' id='word_1_109' title='bbox 1031 2634 1070 2700; x_wconf 92' lang='lat' dir='ltr'>in</span> <span class='ocrx_word' id='word_1_110' title='bbox 1090 2642 1208 2718; x_wconf 65' lang='grc' dir='ltr'>ὁμιλίας</span> <span class='ocrx_word' id='word_1_111' title='bbox 1233 2654 1309 2701; x_wconf 89' lang='lat' dir='ltr'>ma-</span> 
     </span>
     <span class='ocr_line' id='line_1_19' title="bbox 256 2758 1309 2849; baseline -0.005 -19"><span class='ocrx_word' id='word_1_112' title='bbox 256 2762 397 2846; x_wconf 90' lang='lat' dir='ltr'>teriam,</span> <span class='ocrx_word' id='word_1_113' title='bbox 416 2760 539 2845; x_wconf 90' lang='lat' dir='ltr'>cred0,</span> <span class='ocrx_word' id='word_1_114' title='bbox 557 2760 682 2829; x_wconf 91' lang='lat' dir='ltr'>Victor</span> <span class='ocrx_word' id='word_1_115' title='bbox 696 2759 845 2849; x_wconf 81' lang='lat' dir='ltr'>redegit.</span> <span class='ocrx_word' id='word_1_116' title='bbox 861 2758 1085 2848; x_wconf 83' lang='lat' dir='ltr'>Argumento</span> <span class='ocrx_word' id='word_1_117' title='bbox 1102 2765 1187 2826; x_wconf 91' lang='lat' dir='ltr'>sunt</span> <span class='ocrx_word' id='word_1_118' title='bbox 1202 2759 1309 2826; x_wconf 91' lang='lat' dir='ltr'>innu-</span> 
     </span>
    </p>
   </div>
   <div class='ocr_carea' id='block_1_5' title="bbox 255 2872 1309 3098">
    <p class='ocr_par' dir='ltr' id='par_1_6' title="bbox 255 2872 1309 3098">
     <span class='ocr_line' id='line_1_20' title="bbox 256 2872 1309 2976; baseline -0.004 -19"><span class='ocrx_word' id='word_1_119' title='bbox 256 2909 357 2957; x_wconf 87' lang='lat' dir='ltr'>mera</span> <span class='ocrx_word' id='word_1_120' title='bbox 377 2887 648 2976; x_wconf 78' lang='lat' dir='ltr'>seripturarum</span> <span class='ocrx_word' id='word_1_121' title='bbox 676 2887 757 2955; x_wconf 89' lang='lat' dir='ltr'>loca</span> <span class='ocrx_word' id='word_1_122' title='bbox 779 2909 874 2976; x_wconf 85' lang='lat' dir='ltr'>quae,</span> <span class='ocrx_word' id='word_1_123' title='bbox 898 2872 1087 2954; x_wconf 83' lang='lat' dir='ltr'>sacrorum</span> <span class='ocrx_word' id='word_1_124' title='bbox 1112 2886 1309 2954; x_wconf 89' lang='lat' dir='ltr'>conciona-</span> 
     </span>
     <span class='ocr_line' id='line_1_21' title="bbox 255 2999 1307 3098; baseline -0.004 -18"><span class='ocrx_word' id='word_1_125' title='bbox 255 3019 378 3081; x_wconf 86' lang='lat' dir='ltr'>torum</span> <span class='ocrx_word' id='word_1_126' title='bbox 398 2999 513 3096; x_wconf 86' lang='lat' dir='ltr'>more,</span> <span class='ocrx_word' id='word_1_127' title='bbox 536 3012 809 3079; x_wconf 89' lang='lat' dir='ltr'>narrationibus</span> <span class='ocrx_word' id='word_1_128' title='bbox 829 3012 904 3078; x_wconf 92' lang='lat' dir='ltr'>suis</span> <span class='ocrx_word' id='word_1_129' title='bbox 919 3011 1118 3098; x_wconf 88' lang='lat' dir='ltr'>subjunxit.</span> <span class='ocrx_word' id='word_1_130' title='bbox 1136 3009 1307 3098; x_wconf 91' lang='lat' dir='ltr'>Namque</span> 
     </span>
    </p>
   </div>
   <div class='ocr_carea' id='block_1_6' title="bbox 256 3135 1315 4362">
    <p class='ocr_par' dir='ltr' id='par_1_7' title="bbox 256 3135 1315 4362">
     <span class='ocr_line' id='line_1_22' title="bbox 257 3135 1308 3227; baseline -0.005 -21"><span class='ocrx_word' id='word_1_131' title='bbox 257 3139 349 3207; x_wconf 93' lang='lat' dir='ltr'>nihil</span> <span class='ocrx_word' id='word_1_132' title='bbox 369 3138 556 3227; x_wconf 89' lang='lat' dir='ltr'>antiquius</span> <span class='ocrx_word' id='word_1_133' title='bbox 575 3138 762 3205; x_wconf 89' lang='lat' dir='ltr'>habebant</span> <span class='ocrx_word' id='word_1_134' title='bbox 781 3138 833 3205; x_wconf 95' lang='lat' dir='ltr'>illi</span> <span class='ocrx_word' id='word_1_135' title='bbox 852 3159 964 3227; x_wconf 91' lang='lat' dir='ltr'>quam</span> <span class='ocrx_word' id='word_1_136' title='bbox 980 3158 1085 3205; x_wconf 91' lang='lat' dir='ltr'>suam</span> <span class='ocrx_word' id='word_1_137' title='bbox 1101 3135 1308 3204; x_wconf 89' lang='lat' dir='ltr'>doctrinam</span> 
     </span>
     <span class='ocr_line' id='line_1_23' title="bbox 256 3263 1310 3356; baseline -0.005 -22"><span class='ocrx_word' id='word_1_138' title='bbox 256 3265 522 3356; x_wconf 88' lang='lat' dir='ltr'>prophetarum</span> <span class='ocrx_word' id='word_1_139' title='bbox 545 3268 579 3332; x_wconf 90' lang='lat' dir='ltr'>et</span> <span class='ocrx_word' id='word_1_140' title='bbox 599 3264 852 3353; x_wconf 88' lang='lat' dir='ltr'>apostolorum</span> <span class='ocrx_word' id='word_1_141' title='bbox 874 3264 995 3331; x_wconf 90' lang='lat' dir='ltr'>verbis</span> <span class='ocrx_word' id='word_1_142' title='bbox 1020 3263 1250 3344; x_wconf 89' lang='lat' dir='ltr'>confirmare,</span> <span class='ocrx_word' id='word_1_143' title='bbox 1275 3267 1310 3329; x_wconf 92' lang='lat' dir='ltr'>et</span> 
     </span>
     <span class='ocr_line' id='line_1_24' title="bbox 257 3387 1310 3473; baseline -0.006 -15"><span class='ocrx_word' id='word_1_144' title='bbox 257 3392 296 3459; x_wconf 93' lang='lat' dir='ltr'>in</span> <span class='ocrx_word' id='word_1_145' title='bbox 311 3391 485 3459; x_wconf 93' lang='lat' dir='ltr'>omnibus</span> <span class='ocrx_word' id='word_1_146' title='bbox 500 3390 785 3458; x_wconf 89' lang='lat' dir='ltr'>christianorum</span> <span class='ocrx_word' id='word_1_147' title='bbox 798 3390 919 3473; x_wconf 93' lang='lat' dir='ltr'>rebus,</span> <span class='ocrx_word' id='word_1_148' title='bbox 935 3396 1015 3456; x_wconf 92' lang='lat' dir='ltr'>tum</span> <span class='ocrx_word' id='word_1_149' title='bbox 1031 3410 1116 3456; x_wconf 91' lang='lat' dir='ltr'>cum</span> <span class='ocrx_word' id='word_1_150' title='bbox 1127 3389 1184 3454; x_wconf 93' lang='lat' dir='ltr'>isti</span> <span class='ocrx_word' id='word_1_151' title='bbox 1196 3387 1310 3454; x_wconf 85' lang='lat' dir='ltr'>maxi-</span> 
     </span>
     <span class='ocr_line' id='line_1_25' title="bbox 258 3513 1309 3600; baseline -0.007 -14"><span class='ocrx_word' id='word_1_152' title='bbox 258 3539 318 3586; x_wconf 91' lang='lat' dir='ltr'>me</span> <span class='ocrx_word' id='word_1_153' title='bbox 344 3517 390 3585; x_wconf 92' lang='lat' dir='ltr'>ab</span> <span class='ocrx_word' id='word_1_154' title='bbox 410 3515 624 3583; x_wconf 91' lang='lat' dir='ltr'>hominibus</span> <span class='ocrx_word' id='word_1_155' title='bbox 646 3517 884 3600; x_wconf 84' lang='lat' dir='ltr'>vexabantur,</span> <span class='ocrx_word' id='word_1_156' title='bbox 909 3513 1155 3582; x_wconf 86' lang='lat' dir='ltr'>Providentiae</span> <span class='ocrx_word' id='word_1_157' title='bbox 1178 3517 1309 3580; x_wconf 89' lang='lat' dir='ltr'>nutum</span> 
     </span>
     <span class='ocr_line' id='line_1_26' title="bbox 259 3642 1311 3731; baseline -0.006 -17"><span class='ocrx_word' id='word_1_158' title='bbox 259 3644 464 3714; x_wconf 91' lang='lat' dir='ltr'>ostendere.</span> <span class='ocrx_word' id='word_1_159' title='bbox 482 3644 548 3710; x_wconf 94' lang='lat' dir='ltr'>His</span> <span class='ocrx_word' id='word_1_160' title='bbox 567 3643 791 3712; x_wconf 89' lang='lat' dir='ltr'>accedebant</span> <span class='ocrx_word' id='word_1_161' title='bbox 808 3648 985 3710; x_wconf 87' lang='lat' dir='ltr'>enarratae</span> <span class='ocrx_word' id='word_1_162' title='bbox 1001 3642 1194 3731; x_wconf 81' lang='lat' dir='ltr'>magnifiee</span> <span class='ocrx_word' id='word_1_163' title='bbox 1215 3662 1311 3709; x_wconf 89' lang='lat' dir='ltr'>mar-</span> 
     </span>
     <span class='ocr_line' id='line_1_27' title="bbox 259 3766 1311 3863; baseline -0.005 -23"><span class='ocrx_word' id='word_1_164' title='bbox 259 3779 381 3863; x_wconf 91' lang='lat' dir='ltr'>tyrum</span> <span class='ocrx_word' id='word_1_165' title='bbox 401 3772 552 3840; x_wconf 89' lang='lat' dir='ltr'>virtutes</span> <span class='ocrx_word' id='word_1_166' title='bbox 571 3774 855 3860; x_wconf 81' lang='lat' dir='ltr'>3qua1umtunc</span> <span class='ocrx_word' id='word_1_167' title='bbox 875 3769 1052 3858; x_wconf 90' lang='lat' dir='ltr'>temporis</span> <span class='ocrx_word' id='word_1_168' title='bbox 1071 3772 1124 3836; x_wconf 94' lang='lat' dir='ltr'>tot</span> <span class='ocrx_word' id='word_1_169' title='bbox 1144 3766 1311 3856; x_wconf 88' lang='lat' dir='ltr'>exempla</span> 
     </span>
     <span class='ocr_line' id='line_1_28' title="bbox 259 3897 1312 3984; baseline -0.005 -18"><span class='ocrx_word' id='word_1_170' title='bbox 259 3900 298 3966; x_wconf 92' lang='lat' dir='ltr'>in</span> <span class='ocrx_word' id='word_1_171' title='bbox 321 3898 441 3967; x_wconf 83' lang='lat' dir='ltr'>Africa</span> <span class='ocrx_word' id='word_1_172' title='bbox 462 3904 565 3967; x_wconf 90' lang='lat' dir='ltr'>erant</span> <span class='ocrx_word' id='word_1_173' title='bbox 589 3905 629 3965; x_wconf 91' lang='lat' dir='ltr'>ut</span> <span class='ocrx_word' id='word_1_174' title='bbox 655 3898 770 3966; x_wconf 89' lang='lat' dir='ltr'>cuivis</span> <span class='ocrx_word' id='word_1_175' title='bbox 797 3897 1049 3965; x_wconf 90' lang='lat' dir='ltr'>concionatori</span> <span class='ocrx_word' id='word_1_176' title='bbox 1078 3897 1117 3962; x_wconf 93' lang='lat' dir='ltr'>in</span> <span class='ocrx_word' id='word_1_177' title='bbox 1136 3901 1312 3984; x_wconf 90' lang='lat' dir='ltr'>promptu</span> 
     </span>
     <span class='ocr_line' id='line_1_29' title="bbox 259 4020 1313 4114; baseline -0.008 -19"><span class='ocrx_word' id='word_1_178' title='bbox 259 4026 368 4095; x_wconf 89' lang='lat' dir='ltr'>fuerit</span> <span class='ocrx_word' id='word_1_179' title='bbox 388 4025 549 4114; x_wconf 88' lang='lat' dir='ltr'>aequales</span> <span class='ocrx_word' id='word_1_180' title='bbox 565 4024 764 4114; x_wconf 89' lang='lat' dir='ltr'>aequalium</span> <span class='ocrx_word' id='word_1_181' title='bbox 785 4023 1039 4091; x_wconf 90' lang='lat' dir='ltr'>illustrissimis</span> <span class='ocrx_word' id='word_1_182' title='bbox 1056 4021 1233 4110; x_wconf 85' lang='lat' dir='ltr'>exemplis</span> <span class='ocrx_word' id='word_1_183' title='bbox 1250 4020 1313 4088; x_wconf 94' lang='lat' dir='ltr'>do-</span> 
     </span>
     <span class='ocr_line' id='line_1_30' title="bbox 261 4148 1315 4241; baseline -0.007 -20"><span class='ocrx_word' id='word_1_184' title='bbox 261 4172 368 4238; x_wconf 74' lang='lat' dir='ltr'>cere,</span> <span class='ocrx_word' id='word_1_185' title='bbox 390 4152 525 4241; x_wconf 90' lang='lat' dir='ltr'>quibus</span> <span class='ocrx_word' id='word_1_186' title='bbox 541 4151 856 4219; x_wconf 85' lang='lat' dir='ltr'>exhortationibus</span> <span class='ocrx_word' id='word_1_187' title='bbox 872 4149 962 4217; x_wconf 94' lang='lat' dir='ltr'>dum</span> <span class='ocrx_word' id='word_1_188' title='bbox 981 4153 1181 4238; x_wconf 90' lang='lat' dir='ltr'>praesentes</span> <span class='ocrx_word' id='word_1_189' title='bbox 1201 4148 1315 4216; x_wconf 91' lang='lat' dir='ltr'>chris-</span> 
     </span>
     <span class='ocr_line' id='line_1_31' title="bbox 260 4272 1314 4362; baseline -0.002 -22"><span class='ocrx_word' id='word_1_190' title='bbox 260 4274 446 4341; x_wconf 89' lang='lat' dir='ltr'>tianorum</span> <span class='ocrx_word' id='word_1_191' title='bbox 463 4274 687 4341; x_wconf 83' lang='lat' dir='ltr'>calamitates</span> <span class='ocrx_word' id='word_1_192' title='bbox 701 4272 998 4356; x_wconf 89' lang='lat' dir='ltr'>sublevabantur,</span> <span class='ocrx_word' id='word_1_193' title='bbox 1013 4272 1122 4339; x_wconf 91' lang='lat' dir='ltr'>simul</span> <span class='ocrx_word' id='word_1_194' title='bbox 1137 4272 1314 4362; x_wconf 88' lang='lat' dir='ltr'>praeclara</span> 
     </span>
    </p>
   </div>
   <div class='ocr_carea' id='block_1_7' title="bbox 263 4400 1138 4475">
    <p class='ocr_par' dir='ltr' id='par_1_8' title="bbox 263 4400 1138 4475">
     <span class='ocr_line' id='line_1_32' title="bbox 263 4400 1138 4475; baseline -0.003 -1"><span class='ocrx_word' id='word_1_195' title='bbox 263 4400 437 4475; x_wconf 84' lang='lat' dir='ltr'>Ecclesiae</span> <span class='ocrx_word' id='word_1_196' title='bbox 456 4401 628 4474; x_wconf 74' lang='lat' dir='ltr'>africanae</span> <span class='ocrx_word' id='word_1_197' title='bbox 643 4401 824 4473; x_wconf 88' lang='lat' dir='ltr'>memoria</span> <span class='ocrx_word' id='word_1_198' title='bbox 843 4401 1138 4475; x_wconf 88' lang='lat' dir='ltr'>consecrabatur.</span> 
     </span>
    </p>
   </div>
   <div class='ocr_carea' id='block_1_8' title="bbox 0 0 1581 5084">
    <p class='ocr_par' dir='ltr' id='par_1_9' title="bbox 0 0 1581 5084">
     <span class='ocr_line' id='line_1_33' title="bbox 0 0 1581 5084; baseline 0 0"><span class='ocrx_word' id='word_1_199' title='bbox 0 0 1581 5084; x_wconf 95' lang='lat' dir='ltr'> </span> 
     </span>
    </p>
   </div>
  </div>
 </body>
</html>
