3142 5084
753 423 964 521 --40-4

307 615 383 664 suae
408 593 578 682 potestati
606 592 790 680 subjectos
816 590 1000 679 ejusmodi
1025 592 1239 660 vexationes
1270 614 1380 681 quas

301 698 528 811 jampridem
543 719 732 788 christiani
747 719 993 808 patiebantur.
1017 718 1155 809 ltaque,
1175 719 1220 788 de
1236 722 1362 790 multis

308 846 490 937 episcopis
503 851 538 914 et
547 846 770 935 presbyteris
783 847 821 912 in
836 844 1024 913 Corsicam
1038 847 1124 913 etin
1138 845 1359 934 Sardiniam,

308 980 343 1044 et
357 974 562 1064 praesertim
577 972 677 1061 apud
691 971 839 1040 Mauros
853 973 893 1039 in
907 972 1076 1040 exsilium
1091 974 1207 1061 pulsis
1221 977 1361 1045 mentio

309 1106 362 1171 est
376 1102 416 1169 in
429 1100 586 1170 Victoris
604 1101 700 1169 libro
721 1104 755 1168 et
775 1101 814 1167 in
833 1099 971 1169 Notitia
989 1122 997 1185 ;
1014 1105 1051 1167 at
1070 1122 1147 1168 non
1167 1101 1213 1170 de
1232 1103 1277 1171 iis
1298 1105 1362 1193 qui

310 1228 630 1317 Constantinopoli
659 1228 842 1317 elegerant
875 1226 1014 1312 sedem,
1047 1249 1208 1318 quorum
1237 1235 1363 1300 tamen

308 1375 463 1447 magnus
483 1377 659 1424 numerus
680 1356 874 1425 eratNam
894 1377 979 1424 cum
994 1356 1096 1425 nulla
1116 1359 1259 1427 ratione
1278 1381 1362 1449 pos-

309 1489 390 1553 sent
422 1483 670 1573 grassantibus
698 1481 864 1571 undique
892 1482 1038 1551 Arianis
1066 1485 1246 1570 resistere,
1269 1487 1363 1554 mul-

309 1613 336 1680 ti
355 1611 513 1683 naturali
540 1610 704 1700 quodam
730 1612 905 1679 instinctu
931 1611 1040 1700 pulsi,
1069 1613 1108 1678 in
1136 1613 1226 1681 alias
1253 1617 1363 1684 urbes

308 1737 506 1826 fugiebant,
529 1737 605 1821 ubi,
632 1742 666 1805 et
692 1737 877 1826 imprimis
902 1736 1235 1828 Constantinopoli,
1262 1742 1364 1810 velut

309 1865 506 1933 hominum
521 1865 732 1950 miserrimi,
750 1865 1015 1953 benignissimo
1030 1866 1191 1955 hospitio
1208 1868 1363 1958 excipie-

309 1993 454 2062 bantur.
477 1992 613 2081 Ecquis
629 1992 737 2081 igitur
751 1993 834 2059 illos
849 1992 1023 2082 relegatos
1043 1993 1167 2062 dicati

354 2119 464 2203 Quod
492 2120 522 2188 si
549 2121 674 2188 Victor
704 2120 1026 2210 Constantinopoli
1048 2121 1214 2212 degisset,
1238 2126 1362 2194 nescio
1422 2215 1425 2218 ,

310 2269 375 2316 cur
390 2250 520 2338 quovis
541 2248 655 2317 modo
675 2248 805 2316 lectori
820 2269 898 2316 non
914 2248 1165 2318 denuntiasset
1185 2272 1224 2319 se
1239 2253 1278 2320 in
1293 2253 1363 2322 hac
1461 2256 1467 2271 '

309 2378 400 2445 urbe
416 2376 613 2461 exsulasse,
633 2374 736 2466 quod
752 2376 862 2443 nullis
877 2377 999 2445 verbis
1016 2383 1068 2444 est
1083 2380 1359 2468 suspicandum.

308 2498 440 2583 Immo,
470 2499 689 2588 ampliorem
717 2520 760 2567 ea
789 2521 902 2588 quam
934 2500 1079 2589 scripsit
1106 2501 1299 2572 historiam
1329 2510 1364 2573 et

304 2626 527 2715 ‘aequabilius
557 2626 778 2711 ordinatam,
809 2630 936 2715 utpote
965 2646 1116 2694 securus
1149 2628 1200 2696 ibi
1235 2635 1271 2697 et
1304 2632 1361 2698 sui

310 2773 476 2842 compos
494 2754 651 2841 posteris
669 2753 887 2840 reliquisset.

353 2879 405 2948 Ac
424 2881 570 2968 nequis
587 2879 695 2964 dicat,
714 2885 753 2947 ut
769 2880 984 2966 Chifiletius,
1002 2881 1188 2951 Victorem
1208 2884 1265 2952 his
1284 2907 1363 2955 ver-

309 3008 365 3076 bis
387 3031 403 3074 r
421 3012 551 3097 pergat
569 3029 665 3076 nunc
686 3009 1062 3100 Constantinopolim»
1083 3011 1250 3080 locutum
1269 3034 1359 3099 esse,

305 3134 463 3224 vperinde
483 3155 525 3202 ac
545 3136 574 3202 si
596 3134 733 3203 diceret
751 3141 791 3202 ut
811 3136 944 3225 aliquis
964 3139 1003 3205 in
1019 3159 1061 3206 ea
1076 3140 1167 3207 urbe
1182 3140 1359 3228 residem,

310 3263 440 3349 ueniat,
463 3268 559 3331 etc...
582 3263 678 3331 Nam
698 3266 834 3352 anceps
860 3270 894 3332 et
914 3264 1026 3334 dubia
1047 3273 1100 3335 est
1120 3268 1220 3357 apud
1238 3269 1362 3338 Victo-

308 3413 399 3478 rem,
421 3392 520 3459 illius
544 3391 648 3459 verbi
671 3414 687 3458 <c
700 3412 850 3481 pergere
871 3415 887 3458 »
910 3393 1138 3482 significati0,
1168 3396 1269 3484 quod
1290 3403 1362 3465 sta-

308 3520 375 3586 tim
393 3519 536 3587 videbis
552 3521 581 3587 si
604 3521 682 3608 ejus
703 3521 838 3609 scripta
857 3521 1034 3610 perlegas.

351 3643 532 3732 Denique,
555 3645 697 3712 etiamsi
717 3645 797 3712 haec
812 3647 924 3713 verba
944 3647 1020 3714 vim
1038 3646 1175 3716 habere
1190 3648 1360 3718 videren-

308 3774 367 3836 tur
386 3768 433 3835 ad
452 3768 676 3837 firmandam
698 3769 870 3838 Chifiletii
891 3772 1120 3860 opinionem,
1139 3773 1219 3841 aliis
1239 3777 1361 3845 verbis

307 3893 346 3960 in
366 3895 584 3983 opinionem
603 3916 754 3984 prorsus
769 3898 992 3964 contrariam
1013 3898 1187 3966 traherer.
1210 3900 1306 3969 Nam
1322 3904 1359 3970 in

306 4019 380 4087 fine
400 4020 484 4087 libri
512 4021 576 4088 ubi
604 4020 649 4088 de
669 4022 880 4089 novissimis
906 4022 1094 4108 Hunerici,
1121 4024 1223 4092 haud
1242 4028 1359 4096 multo

306 4152 390 4235 post
409 4148 591 4230 morituri,
623 4149 942 4235 persecutionibus
967 4151 1079 4218 verba
1109 4150 1206 4236 facit,
1237 4152 1362 4222 Victor

307 4274 463 4344 affirmat
484 4295 521 4340 se
538 4274 720 4362 quosdam
734 4275 952 4344 christianos
965 4300 1007 4345 eo
1019 4284 1186 4372 tempore
1196 4285 1357 4365 vexatos,
