3142 5084
692 432 872 496 -142-

255 601 342 679 teret,
358 599 423 662 nisi
437 619 531 663 mors
546 601 763 664 voluntatem
782 599 924 682 auferret
940 598 994 678 (ΙΙ,
1018 600 1080 676 12).
1161 596 1315 660 Nullum

253 688 388 847 ipluenit
411 692 605 756 remedium
628 693 820 772 calamitas,
847 691 912 754 nisi
937 691 1151 774 suggerenda
1175 690 1319 753 duretur

254 787 266 862 t
301 786 389 864 240)-

304 1022 564 1110 Subjunctivus
586 1026 669 1110 post
688 1022 909 1112 particulam
929 1021 1016 1090 dum
1032 1050 1076 1080 z
1090 1021 1208 1111 gallic.
1224 1042 1319 1112 pen-

255 1148 345 1218 dunt
365 1171 443 1238 que,
467 1155 543 1218 tunt
564 1171 641 1238 que.

297 1277 402 1345 Hanc
421 1278 652 1366 particulam,
670 1279 726 1346 vir
741 1276 976 1346 doctissimus
993 1275 1195 1371 Goelzerius
1211 1277 1319 1369 affir-

254 1405 342 1485 mat,
360 1405 444 1488 post
462 1421 584 1469 aureae
598 1401 788 1469 latinitatis
807 1407 987 1490 tempora,
1007 1406 1138 1490 quarto
1153 1422 1319 1490 praeser-

254 1531 334 1592 tum
363 1526 510 1612 saeculo,
542 1527 640 1595 vices
674 1528 946 1615 conjunctionis
980 1527 1194 1617 temporalis
1229 1548 1318 1596 cum

255 1671 360 1740 agere
380 1653 548 1741 erupisse,
571 1673 654 1741 quae
680 1657 769 1720 tunc
795 1653 834 1720 in
861 1651 1102 1742 exprimendo
1126 1658 1314 1742 tempore,

255 1800 340 1847 cum
360 1781 593 1867 subjunctivo
615 1781 737 1847 minus
757 1786 855 1847 recte
875 1781 1085 1869 ponebatur
1099 1778 1162 1868 (1).
1190 1779 1318 1869 Hujus

254 1910 379 1973 tamen
414 1906 696 1973 constructionis
735 1906 916 1995 exempla,
952 1907 1032 1994 jam
1070 1906 1186 1974 multo
1226 1913 1317 1975 ante

254 2033 409 2101 Victoris
430 2040 576 2102 aetatem
595 2035 859 2103 inveniuntur:

294 2159 360 2222 Tit.
379 2159 452 2225 Liv.
471 2145 509 2239 (l,
525 2161 575 2239 49,
593 2163 646 2238 7);
742 2162 828 2223 Dum
845 2161 1000 2223 intentus
1026 2160 1063 2223 in
1088 2180 1168 2224 eum
1192 2181 1229 2224 se
1255 2181 1319 2226 rex

255 2258 348 2316 totus
370 2255 637 2333 auerteret,alte1·
662 2255 787 2318 elatam
812 2254 961 2318 securim
987 2254 1023 2317 in
1048 2260 1153 2338 caput
1174 2255 1315 2338 dejecit.

256 2347 285 2410 V
288 2348 382 2430 ergil.
409 2349 537 2432 (Georp.
561 2349 618 2430 lv,
644 2350 741 2427 457);
763 2349 824 2412 Illa
846 2348 1002 2433 quidem,
1025 2350 1104 2411 dum
1129 2355 1161 2412 te
1185 2349 1322 2432 superet

255 2461 315 2524 per
338 2441 485 2506 flumina
508 2462 669 2526 praeceps
687 2444 918 2506 lmmanem...
940 2443 1092 2526 hydrum
1107 2443 1224 2526 puella
1240 2464 1318 2508 non

255 2535 344 2598 vidit
359 2535 396 2598 in
412 2537 529 2600 herba.
548 2538 654 2616 (AEn.‚
673 2538 697 2616 Ι,
710 2540 753 2615 5).
826 2538 914 2600 Dum
931 2537 1082 2600 conderet
1097 2537 1220 2600 urbem.
1240 2537 1315 2604 Cic.

255 2628 321 2706 (Ad
332 2630 428 2693 Attio.
438 2631 540 2710 V‚17‚
550 2632 582 2707 3)
596 2655 601 2693 :
666 2632 753 2694 Dum
769 2631 806 2693 in
822 2631 951 2694 aestivis
966 2650 1030 2695 nos
1046 2650 1197 2712 assentur,
1207 2631 1317 2696 illurn

254 2722 371 2804 pueris
385 2724 503 2787 locum
519 2744 592 2787 esse
608 2724 844 2788 bellissimum
861 2724 1014 2787 diximus
1031 2727 1087 2802 (2).

299 2852 499 2922 Abundant
518 2877 606 2924 vero
626 2856 834 2923 istiusmodi
856 2855 1036 2944 exempla,
1062 2853 1163 2944 quod
1182 2854 1317 2922 laben-

255 2980 300 3047 tis
326 2979 515 3049 latinitatis
536 2984 681 3072 signum
701 2990 766 3068 est,
788 2983 888 3073 apud
907 2983 1095 3051 Victorem
1118 3004 1126 3067 3
1147 3003 1231 3070 quae
1253 3004 1318 3050 or-

256 3106 342 3175 dine
363 3130 571 3198 exponam:
1267 3109 1270 3114 ’

299 3232 559 3322 Imperfectum
579 3236 802 3323 subjunctivi
821 3240 905 3325 post
925 3234 1037 3303 dum:

297 3360 436 3423 ..Dum
453 3381 530 3443 quae
546 3367 644 3425 erant
659 3362 864 3444 urgentibus
888 3361 1001 3445 poenis
1025 3359 1163 3424 facilius
1178 3360 1315 3424 ederen-

256 3460 308 3518 tur
325 3455 363 3534 (,Ι
378 3458 461 3533 5.
468 3455 620 3532 .Quis..
639 3455 747 3539 possit
762 3475 835 3518 sme
855 3454 1009 3518 lacrimis
1024 3453 1212 3534 recordari
1230 3453 1315 3518 dum

252 3551 441 3634 praeciperet
453 3554 651 3612 nostrorum
668 3568 849 3631 corpora..
870 3549 914 3611 ad
935 3549 1150 3631 sepulturam
1166 3547 1313 3633 perduci

255 3645 294 3723 (,Ι
310 3646 413 3720 22)..
421 3643 530 3720 ,Ωηεε
555 3644 635 3705 dum
660 3642 850 3705 multitudo
871 3641 1121 3725 captivitatis...
1140 3640 1318 3724 uttinperet

255 3736 351 3799 littus
377 3737 415 3815 (Ι,
440 3737 547 3813 25).
556 3737 673 3799 .Dum
700 3735 806 3799 variis
832 3735 970 3798 insidiis
997 3739 1160 3798 artaretur
1183 3734 1222 3812 (Ι
1246 3736 1313 3812 28).

310 3831 398 3893 Dum
421 3829 561 3911 sanguis
587 3830 769 3912 efflueret...
800 3829 996 3893 incolumes
1022 3828 1258 3892 reddebantur
1273 3828 1314 3909 (Ι,

254 3926 318 4000 34).
340 3959 380 3969 -
401 3923 444 3984 Et
469 3923 579 3984 multa
595 3922 664 3985 alia
678 3922 734 3986 his
750 3923 881 3986 similia
895 3923 950 4001 (V.
969 3923 994 4002 Ι,
1011 3923 1062 4001 41,
1077 3923 1129 4002 43,
1145 3922 1205 3998 45;
1223 3921 1264 4002 ΙΙ,
1281 3923 1311 3999 5,

255 4019 285 4097 9,
299 4018 350 4096 18,
366 4017 417 4095 19,
432 4017 488 4092 303
504 4014 561 4095 111,
574 4017 604 4095 6,
623 4016 671 4096 16,
688 4018 738 4096 25,
756 4019 806 4096 26,
826 4017 876 4096 28,
895 4018 947 4096 35,
963 4017 1014 4095 39,
1031 4016 1082 4095 49,
1099 4015 1150 4095 43,
1166 4015 1229 4092 69).

289 4254 319 4314 (Ι)
335 4253 438 4302 Goelzer.
458 4268 463 4300 :
483 4251 646 4304 drammatis.
661 4253 843 4304 observationes
859 4253 887 4302 in
899 4252 992 4317 Sulpic.
1006 4251 1135 4311 Severum,
1153 4267 1177 4315 p.
1193 4251 1231 4301 56.

288 4329 321 4394 (2)
338 4330 375 4380 Cf.
396 4330 444 4380 Tit.
463 4329 517 4379 Liv.
536 4332 649 4393 exempla
663 4332 728 4393 apud
742 4330 860 4381 Riemann
875 4329 927 4394 (op.
947 4329 1044 4394 citato),
1058 4343 1086 4392 p.
1103 4327 1159 4377 223.
