3142 5084
698 423 818 486 -mt
838 459 879 470 -

258 593 359 683 quod
383 594 556 662 omnibus
577 595 640 683 qui
661 595 870 663 scribebant
895 617 982 663 mox
1005 595 1074 663 fuit
1097 616 1312 663 commune.

258 721 375 791 Fuere
391 724 454 811 qui
474 724 513 790 in
533 724 758 812 quibusdam
777 723 881 808 locis,
899 722 990 792 dum
1013 729 1165 813 possent
1190 723 1317 791 verbis

258 849 311 915 uti
331 871 414 938 quae
437 855 601 919 concreto
621 850 740 917 solent
755 850 945 939 appellari,
964 851 1145 918 abstracta
1161 848 1317 917 adhibe-

257 983 350 1061 rent,
367 978 462 1046 inter
477 1000 570 1067 quos
590 977 769 1046 Phaedrus
784 979 847 1066 qui
863 978 946 1047 colli
965 978 1227 1068 loupitudinem
1247 998 1317 1066 po-

259 1105 447 1193 tiusquam
483 1106 614 1173 collum
639 1106 800 1195 lonpum,
824 1112 859 1172 et
886 1111 947 1174 tun
968 1106 1155 1174 columitas
1173 1106 1318 1194 potius-

259 1253 371 1320 quam
383 1237 419 1300 tu
436 1232 543 1300 miser
558 1231 679 1301 dicere
691 1233 840 1318 maluit;
856 1234 991 1322 quibus
1003 1234 1180 1323 exemplis
1192 1233 1316 1302 allatis

259 1364 362 1427 notat
371 1361 427 1427 vir
442 1358 677 1428 doctissimus
687 1359 867 1429 Nisardus'
877 1382 1015 1428 novum
1032 1361 1137 1428 illum
1151 1360 1318 1428 scriben-

261 1486 297 1553 di
314 1509 468 1572 morem,
482 1489 562 1576 jam
577 1488 735 1556 Neronis
750 1493 868 1572 aetate,
886 1488 1112 1555 increbuisse
1127 1486 1190 1576 (1).
1209 1486 1318 1555 Hanc

259 1599 358 1683 vlam
377 1621 504 1705 postea
525 1618 639 1684 secuti
660 1623 744 1684 sunt
765 1618 828 1706 qui
847 1617 1053 1706 praeteritos
1068 1615 1218 1684 vivendi
1233 1636 1318 1698 moe

259 1764 317 1811 res
338 1766 450 1833 quam
465 1747 690 1834 praeteritam
706 1744 853 1814 dicendi
869 1745 1177 1813 consuetudinem
1193 1764 1317 1811 serva-

260 1893 299 1940 re
314 1873 502 1940 malebant
512 1874 576 1964 (2),
588 1874 756 1963 atqueita
765 1874 945 1963 paulatim
960 1873 1098 1941 factum
1114 1877 1168 1940 est
1182 1876 1223 1939 ut
1236 1893 1317 1939 non

261 2000 460 2088 spernendi
484 2007 664 2086 auctores,
682 2003 888 2091 jamtertio
910 2002 1058 2086 saeculo,
1081 2022 1158 2068 non
1172 2021 1258 2081 ⁴uno
1281 2003 1317 2067 et

260 2128 411 2216 proprio
426 2129 620 2212 vocabulo,
633 2128 697 2196 sed
713 2129 903 2196 abstractis
916 2129 1037 2196 verbis
1048 2127 1215 2218 genetivo
1228 2147 1318 2193 eon-

256 2250 395 2337 junetis
416 2254 636 2320 sententiam
664 2255 921 2342 exprimerent.
946 2255 1112 2338 Notatur,
1131 2257 1171 2320 ut
1189 2251 1319 2320 laben-

260 2376 305 2443 tis
324 2376 458 2465 linguae
474 2375 751 2463 documentum,
770 2379 842 2447 hoc
862 2378 1000 2448 Sedulii
1024 2402 1030 2446 :
1050 2400 1230 2468 uquarum
1249 2401 1317 2447 ua·

262 2508 344 2571 turn
358 2503 441 2594 (pro
458 2503 568 2593 uquu)
584 2504 776 2573 deficiebat
791 2505 853 2596 (3).
867 2506 923 2591 At,
942 2507 1077 2590 hercle,
1091 2505 1223 2574 eodem
1238 2506 1317 2574 fere

262 2630 375 2699 modo
391 2654 488 2721 saepe
507 2633 652 2700 locutus
683 2638 738 2700 est
767 2632 923 2702 Sedulio‘
937 2635 1125 2723 antiquior
1145 2639 1179 2701 et
1194 2634 1315 2702 multo

262 2757 409 2824 dicendi
429 2763 505 2825 arte
524 2759 758 2846 praestantior
776 2758 974 2845 Arnobius,
987 2759 1167 2828 Lactantii
1182 2760 1318 2848 magis-

263 2890 329 2969 ter,
352 2886 456 2973 cujus
475 2886 568 2970 haec,
590 2886 685 2954 inter
707 2887 834 2971 multa,
858 2889 1025 2977 exempla
1041 2889 1160 2956 obiter
1178 2888 1318 2956 referre

259 3012 363 3099 juvat
386 3036 392 3080 :

295 3137 1317 3224 Admirationibusvirtutumsublevatos(Advcrsusnationes,

265 3232 305 3311 V,
323 3234 385 3309 31).
405 3232 585 3295 Ardoribus
607 3231 757 3294 ovoritioe
778 3233 922 3313 flagrare
940 3233 994 3311 (ll,
1013 3234 1056 3309 l).
1078 3232 1320 3316 Asperitatibus

262 3347 422 3389 abacorum
443 3326 640 3410 propinarit
662 3326 718 3405 (V,
737 3328 797 3403 11).
817 3325 1034 3407 AEqunlitntis
1055 3326 1320 3408 compensatione

264 3421 390 3485 librata
409 3422 463 3500 (ll,
479 3423 542 3497 49).
571 3420 780 3502 Voluptatem
803 3419 979 3501 diffusione
1003 3420 1204 3484 mollescere
1228 3421 1315 3501 (Vll,

262 3516 305 3592 4).
324 3513 513 3576 Putredinis
529 3512 615 3574 curie
629 3511 776 3574 relaxari
791 3512 862 3591 (Vl,
882 3513 931 3589 16)
947 3517 958 3589 (
981 3518 1002 3590 ).

308 3631 396 3698 Haec
426 3631 609 3718 exempla,
643 3631 682 3696 in
713 3630 791 3697 dies
818 3630 1086 3718 frequentiora,
1120 3631 1319 3699 innumera

265 3762 406 3825 exstant
425 3756 525 3846 apud
544 3756 813 3847 Hieronymum
829 3764 864 3825 et
879 3762 1031 3825 caeteros
1052 3757 1319 3827 ecclesiasticos

264 3885 471 3974 scriptores.

305 4120 329 4184 l)
345 4120 431 4168 Nisard
447 4137 452 4168 :
469 4119 555 4169 Poetae
573 4119 649 4170 latins
661 4121 690 4172 dc
706 4121 731 4171 la
746 4120 889 4181 de'eadcnm,
904 4124 920 4170 t.
938 4123 957 4180 l,
974 4136 1001 4183 p.
1019 4120 1059 4181 lu,
1074 4122 1117 4171 47.

348 4196 453 4244 Avienus
465 4199 529 4258 apud
540 4197 687 4246 llacrobium
703 4197 857 4259 (Steterunt,
874 4199 892 4256 l,
906 4200 929 4256 5,
947 4199 997 4259 al).

295 4122 302 4181 l

296 4195 329 4260 (Ι)

295 4273 329 4336 (3)
347 4274 373 4320 V.
391 4274 420 4321 G.
439 4273 552 4331 Boissier,
568 4273 650 4332 [terroe
663 4275 691 4322 dc
702 4273 849 4336 Pbdolopie,
863 4273 930 4333 1882,
947 4288 974 4335 p.
991 4273 1031 4329 35,
1045 4288 1085 4334 sq.

297 4350 328 4411 (4)
345 4349 381 4398 Cl.
399 4349 514 4410 Optatam
526 4349 640 4410 dilevit„
657 4348 735 4414 Corp.
756 4351 875 4414 inscript.
891 4350 1043 4410 latin.,llol.
1060 4349 1130 4398 llllVl
1143 4347 1254 4412 (lodic).
