3142 5084
714 413 874 476 ..63-

310 576 355 644 At
376 579 558 667 imprimis
578 585 723 669 oportet
746 552 938 648 videamus
962 601 1053 647 num
1079 578 1192 647 fidem
1216 578 1320 647 adhi-

265 705 352 772 bere
361 707 547 794 possimus
561 706 698 775 Victori
713 707 848 776 dicenti
862 731 878 774 r
896 707 998 793 r‚976
1014 706 1204 796 episcopos,
1217 727 1319 796 pres-

268 833 421 923 byteros,
451 837 617 906 diacones
645 844 677 907 ei
704 840 777 907 niin
803 839 968 907 Ecclesioe
993 838 1193 907 membran
1220 837 1319 928 apud

265 961 424 1049 Mauros
443 984 516 1033 una
532 963 603 1051 die,
620 958 698 1033 non
713 967 830 1034 multo
843 972 928 1034 ante
943 966 1191 1052 collationem,
1208 966 1319 1034 fuisse

265 1088 456 1179 relegatos.
484 1091 590 1160 Falso
616 1093 790 1181 opinatur
808 1092 952 1161 Marcus
971 1093 1022 1183 (1)
1045 1094 1230 1162 Victorem
1250 1092 1319 1160 hac

264 1220 365 1285 tanta
385 1218 621 1287 multitudine
642 1221 791 1291 nonnisi
809 1221 1003 1310 episcopos
1026 1227 1060 1289 et
1084 1222 1318 1310 presbyteros

265 1341 456 1434 designare
475 1345 646 1415 voluisse.
675 1347 806 1437 Liquet
826 1369 913 1416 vero
934 1348 1034 1416 hisce
1053 1349 1175 1417 verbis
1201 1371 1217 1413 r<
1244 1347 1318 1415 ulio

264 1471 429 1540 Ecclesiae
447 1472 611 1541 membro
632 1497 649 1540 »
676 1475 905 1547 mentionem
927 1475 1006 1542 fieri
1027 1474 1072 1542 de
1093 1475 1314 1558 christianis,

264 1600 340 1664 tam
360 1589 605 1666 ex'laicorum
626 1620 738 1688 quam
759 1620 803 1667 ex
823 1599 1041 1667 clericorum
1062 1619 1230 1682 numer0,
1254 1599 1317 1687 qui
1384 1676 1388 1683 ¹

264 1745 395 1793 omnes
411 1725 515 1813 quasi
532 1725 699 1792 membra
715 1725 898 1797 hahentur
912 1724 1010 1792 illius
1031 1726 1196 1814 corporis
1216 1723 1316 1813 quod

263 1850 428 1920 Ecclesia
443 1858 607 1920 vocatur.

306 1978 412 2046 Illam
431 1980 727 2068 persecutionem
749 1980 799 2046 ita
823 1983 1005 2046 memorat
1024 1978 1149 2047 Victor
1167 1977 1316 2046 Tunnu-

263 2108 410 2192 nensis:
431 2130 447 2174 r
471 2106 678 2175 Hunericus
697 2105 950 2175 Vandalorum
970 2128 1046 2191 rex,
1068 2107 1315 2196 persecutioni

262 2254 329 2322 per
341 2239 456 2301 totam
469 2233 629 2302 Africam
645 2235 756 2301 nimis
769 2234 952 2317 insistens
968 2233 1172 2318 Tubunnis,
1188 2232 1313 2318 Macri,

261 2357 404 2447 Nippis,
421 2357 575 2446 aliisque
592 2359 705 2426 eremi
721 2360 899 2446 partibus,
918 2359 1130 2443 catholicos⁷
1143 2361 1223 2447 jam
1239 2381 1315 2426 non

262 2485 383 2553 solum
412 2485 620 2553 sacerdotes
646 2486 871 2576 (episcopos)
890 2485 941 2575 (2)
964 2492 998 2554 et
1028 2486 1149 2554 cuncti
1174 2463 1315 2553 ordinis

261 2611 425 2697 clericos,
448 2612 513 2680 sed
533 2618 567 2680 et
586 2613 790 2681 monachos
810 2618 919 2701 atque
941 2613 1053 2680 laicos
1074 2618 1233 2702 quatuor
1248 2614 1314 2681 cir-

261 2740 351 2807 citer
365 2741 480 2808 millia
496 2740 631 2808 exsiliis
647 2739 858 2808 durioribus
874 2740 1020 2830 relegat,
1040 2747 1074 2808 ct
1085 2741 1313 2810 confessores
1366 2784 1367 2787 =

262 2872 297 2934 et
316 2872 495 2956 martyres
511 2867 595 2934 fecit
610 2867 661 2956 (3)
682 2890 712 2934 r).

304 2993 349 3062 At
380 2994 529 3062 urbium
556 2995 594 3061 in
622 2995 756 3084 quihus
783 2995 982 3062 multitudo
1010 2995 1071 3064 illa
1097 3001 1313 3086 congregata

258 3121 338 3207 fuit,
362 3143 437 3189 non
458 3120 588 3190 eadem
609 3126 662 3189 est
688 3122 787 3212 apud
811 3123 996 3190 Victorem
1022 3122 1312 3191 Tunnunensem

260 3271 343 3338 quae
363 3248 463 3338 apud
477 3249 663 3317 Victorem
674 3256 843 3317 nostrum
863 3251 1014 3318 mentio.
1038 3249 1144 3318 Prior
1162 3250 1312 3318 Tubun-

261 3397 352 3443 num
372 3381 406 3443 et
426 3376 566 3445 Macrin
582 3378 751 3445 nominat
772 3399 930 3467 quarum
951 3400 1024 3446 una
1040 3379 1079 3445 in
1093 3378 1311 3446 Mauritania

260 3497 425 3583 sitifensi,
448 3499 495 3567 ad
510 3502 811 3589 septentrionem,
829 3502 942 3569 altera
958 3503 997 3568 in
1013 3501 1241 3587 Caesariensi,
1264 3503 1312 3571 ad

259 3626 454 3695 meridiem
483 3629 551 3696 sita
580 3633 659 3713 est3
689 3628 831 3696 Siccam
856 3635 979 3697 autern
1014 3634 1048 3697 et
1071 3630 1182 3698 Lares
1211 3629 1312 3698 haud

258 3753 366 3844 longe
396 3776 417 3822 a
445 3754 631 3823 Numidiae
665 3757 853 3824 orientalis
882 3758 1019 3825 finibus
1053 3758 1151 3843 sitas,
1187 3757 1312 3826 Victor

258 3879 417 3949 Vitensis
437 3881 602 3971 designat
620 3905 627 3968 3
650 3883 708 3950 cui
729 3884 909 3971 majorem
930 3904 1042 3973 quam
1057 3883 1193 3952 Victori
1214 3883 1311 3951 Tun-

289 4125 321 4188 (1)
331 4128 433 4186 Marcus,
447 4127 514 4177 Hist.
529 4127 571 4177 des
587 4128 714 4187 Vandnlcs,
729 4144 756 4191 p.
774 4131 815 4180 62.

289 4197 321 4263 (Ξ)
337 4200 487 4262 iampridem
502 4200 527 4249 in
542 4202 653 4251 Afrorum
667 4203 751 4266 lingua
762 4206 873 4255 sacerdos
888 4205 1030 4269 episcopum
1045 4206 1208 4270 significabat.

289 4275 321 4338 (3)
338 4276 418 4324 Victor
432 4278 603 4326 Tunnunensis
619 4294 624 4325 ι
639 4279 772 4327 Chronicon
789 4283 829 4338 (de
843 4281 915 4330 tertio
933 4282 1034 4330 Zenonis
1051 4283 1152 4346 Augusti
1171 4286 1307 4345 consulatu,

256 4352 286 4398 ad
302 4365 394 4399 annum
409 4351 474 4414 479),
491 4352 590 4402 Petrei.
606 4352 665 4412 rae,
682 4359 702 4402 t.
721 4354 819 4402 vam.
