3142 5084
703 415 884 478 -169-

257 587 313 655 est
331 585 370 651 in
388 584 530 673 campis
549 589 682 669 arator,
706 583 900 672 diffugiunt
919 581 1084 671 undique
1100 602 1205 649 senes
1225 602 1317 669 pue-

258 713 363 802 rique
383 711 603 801 puellaeque,
620 713 735 779 vitam
745 711 947 779 bestiarum
960 710 1087 796 modo,
1112 716 1316 780 sustentan-

258 845 324 907 tes.
347 839 511 908 Pereunt
525 839 623 907 farne
643 839 827 923 homines,
850 845 886 906 et
906 839 967 907 alii
997 861 1108 928 super
1126 840 1218 908 alios
1238 861 1316 908 cor-

257 969 380 1032 ruunt.
405 965 463 1033 Sic
481 965 557 1033 fere
590 965 781 1034 Lucretius
801 963 876 1053 (Vl,
901 963 999 1050 1250,
1026 964 1099 1055 sq.)
1117 963 1316 1032 Athenien-

258 1092 354 1159 sium
374 1092 566 1177 cadavera,
590 1093 747 1162 confusa
766 1098 884 1181 strage
903 1093 942 1160 in
962 1091 1161 1161 domorum
1181 1093 1316 1161 limini-

258 1220 327 1288 bus
341 1226 535 1308 prostrata,
552 1220 778 1309 depinxerat,
796 1221 958 1287 imitatus
967 1220 1045 1308 ipse
1059 1219 1316 1310 Thucydidem

258 1347 321 1436 qui
332 1347 412 1415 haec
424 1346 564 1415 dixerat
577 1370 583 1414 ἱ
600 1354 699 1436 νεκροὶ
710 1354 745 1416 ἐπ
754 1348 920 1430 ’ἀλλήλους
931 1351 987 1415 ἀπο
1000 1356 1175 1430 θνήσκεντες
1189 1358 1312 1417 ἔκειντο.

259 1471 353 1542 Cum
374 1475 508 1562 quibus
528 1473 756 1564 Thucydidis
770 1479 805 1541 et
824 1474 981 1541 Lucretii
997 1474 1088 1543 locis
1101 1475 1181 1542 haec
1195 1474 1316 1544 Victo-

258 1603 307 1670 ris
333 1604 500 1672 conferre
527 1626 604 1671 non
629 1603 757 1672 dubito
782 1629 788 1672 :
813 1627 829 1670 t<
859 1604 1050 1688 Nonnulli,
1087 1626 1172 1673 cum
1201 1604 1314 1674 domo

258 1752 277 1799 c
304 1731 508 1800 niterentur
520 1731 655 1821 egredi,
671 1733 709 1799 in
725 1733 807 1821 ipso
821 1732 949 1800 limine
964 1737 1188 1818 corruentes
1202 1739 1316 1801 cater-

261 1879 278 1923 a
304 1858 429 1941 vatim,
443 1859 541 1926 fame
558 1858 781 1942 debellante,
800 1857 1001 1944 cadebant,
1024 1864 1145 1926 stratae
1154 1880 1242 1927 vero
1256 1860 1316 1928 vel

261 1984 444 2051 «semitae
476 1983 718 2053 cadaveribus
748 1984 896 2073 repletae
924 1984 1174 2051 exhalantium
1200 1984 1315 2052 fetore

261 2133 278 2178 a
305 2115 540 2178 mortuorum
561 2110 767 2199 gradientes
781 2111 885 2179 vivos
905 2111 1008 2178 omni
1029 2114 1190 2197 exparte
1209 2130 1315 2177 neca-

260 2260 278 2306 c
303 2239 403 2305 bant.
430 2238 507 2307 Nec
528 2238 680 2306 deerant
709 2236 875 2326 quotidie
905 2237 1150 2325 expirantium
1170 2236 1312 2320 funera,

260 2388 276 2430 c
304 2370 338 2432 et
354 2387 429 2432 non
444 2366 561 2434 fuerat
576 2367 703 2449 virtus,
726 2386 809 2453 quae
823 2365 1069 2432 miserationis
1084 2363 1315 2452 impenderet

261 2512 277 2554 <a
305 2490 532 2578 sepulturam
549 2512 556 2576 ;
579 2510 700 2579 neque
720 2489 819 2557 enim
832 2489 1062 2556 sufficiebant
1077 2488 1124 2556 ad
1137 2489 1314 2577 sepelien-

259 2636 275 2679 ‹<
302 2612 392 2681 dum
412 2615 497 2700 vivi,
515 2616 612 2683 fame
629 2614 844 2682 dominante
861 2618 896 2680 et
916 2614 986 2702 ipsi
1018 2618 1102 2702 post
1120 2613 1314 2701 paululum

259 2762 276 2806 «
303 2742 483 2809 morituri.
507 2740 650 2809 Montes
670 2740 849 2825 etcolles,
873 2740 1005 2829 plateae
1026 2741 1226 2824 civitatum,
1244 2742 1313 2809 viae

260 2889 276 2933 a
301 2866 360 2933 vel
380 2867 520 2934 semitae
541 2887 659 2934 unum
673 2867 846 2934 omnibus
865 2866 1027 2934 fecerant
1041 2867 1179 2954 ubique
1195 2867 1314 2955 sepul-

260 3015 276 3058 «
303 2992 435 3059 chrum
455 2992 517 3081 (1).
545 3019 558 3053 »

301 3121 387 3190 Non
416 3121 600 3188 minorem
630 3124 781 3186 movent
810 3119 1103 3187 misericordiam
1135 3126 1313 3189 enarratae

153 3275 155 3285 ·
258 3247 408 3316 illorum
424 3247 487 3335 qui
508 3250 724 3334 supererant
744 3246 981 3313 calamitates.
1003 3247 1064 3314 Isti
1081 3248 1193 3332 enim,
1216 3248 1313 3315 salu-

257 3379 332 3442 tem
352 3373 601 3462 desperantes,
634 3372 881 3439 miserrimam
900 3372 1015 3439 vitam
1034 3379 1212 3461 perpetua
1241 3395 1314 3442 ser-

256 3500 370 3568 vitute
391 3520 513 3567 emere
527 3499 773 3580 conabantur,
796 3503 905 3586 atque
922 3498 1192 3588 Carthaginem,
1213 3500 1313 3568 velut

260 3628 451 3695 «animata
471 3626 679 3695 cadavera»
693 3628 973 3695 concurrebant.
989 3627 1059 3710 Qui
1075 3628 1224 3717 repulsi,
1234 3631 1312 3697 sine

258 3753 333 3821 ulla
360 3754 489 3842 patriae
519 3751 729 3842 repetendae
758 3753 941 3838 facultate,
964 3755 1101 3843 ubique
1125 3756 1310 3843 jacebant,

260 3903 277 3947 <t
299 3880 528 3969 sepulturam
545 3902 662 3963 suam,
691 3885 731 3948 ut
750 3881 800 3948 ait
818 3880 954 3964 Victor,
976 3882 1015 3949 in
1034 3883 1136 3951 vultu
1161 3889 1311 3972 portan-

258 4013 313 4076 tes
334 4030 365 4077 a.

301 4133 426 4202 Tantis
455 4135 725 4203 calamitatibus
753 4135 878 4204 Victor
909 4137 1129 4208 memoriam
1162 4138 1311 4209 illorum

290 4369 588 4436 mmmmm
