3142 5084
698 407 877 470 -187-

256 580 275 641 3
292 601 297 640 :
316 577 445 661 Anpuis
456 605 497 632 z
519 566 682 639 diabolus
697 598 704 652 ;
721 577 740 636 8
756 597 761 636 ;
777 574 915 655 Serpens
930 601 970 630 :-
985 575 1159 641 diabolus
1179 576 1309 655 Victor,
1343 586 1345 591 ’

256 671 312 749 ΙΙΙ,
331 673 366 733 71
388 693 393 732 :
412 669 586 732 Ebulliens
600 667 763 754 vermibus
776 666 1009 746 (Hunericus).
1028 669 1159 750 Passio,
1176 672 1215 732 2:
1234 668 1310 731 Sca·

257 767 325 827 tens
341 763 504 826 vermibus
514 762 645 840 (idem).
662 760 792 839 Victor,
809 760 865 839 ΙΙΙ,
881 762 920 822 47
937 785 943 824 :
962 761 1108 825 Fallacis
1126 783 1222 844 aquae
1233 762 1310 844 pla-

256 857 311 920 dio
332 856 568 939 peremissent.
588 854 720 933 Passi0,
746 855 788 916 3:
860 854 1137 937 Rebapiizationis
1160 855 1310 920 sauciare

256 949 433 1011 maclroera.
451 948 580 1027 Victor,
597 949 627 1027 l,
643 947 663 1008 6
680 970 686 1010 :
707 947 763 1009 lra
774 946 906 1029 furoris.
925 947 1055 1027 Passio,
1072 950 1131 1012 10:
1150 947 1310 1012 Ebrieta-

256 1049 288 1106 te
302 1043 436 1127 furoris.

301 1174 328 1263 i)
353 1174 388 1240 1Ο
413 1174 612 1242 Sententiae
626 1194 739 1261 prave
760 1179 1005 1242 constructae:

297 1300 426 1380 Victor,
444 1301 484 1380 ΙΙ,
502 1301 562 1363 48:
584 1300 684 1377 Qui...
699 1320 837 1383 surgere
853 1301 967 1365 noluit
982 1320 1100 1377 ccecus;
1119 1301 1175 1382 ΙΙΙ,
1191 1304 1207 1363 l
1225 1325 1230 1365 :
1249 1300 1314 1379 Qui

256 1414 336 1458 cum
354 1401 470 1458 noster
496 1393 626 1456 libellus
649 1395 816 1477 legeretur
840 1395 990 1459 oblatus.
1020 1395 1151 1476 Passio,
1170 1398 1229 1459 14:
1250 1395 1314 1473 Qui

257 1487 450 1571 dumipnis
462 1487 583 1551 fuisset
598 1487 755 1570 injectus.

300 1619 337 1684 2⁰
360 1618 601 1707 Participium
614 1619 826 1688 absolutum
845 1642 851 1686 :

297 1742 426 1822 Victor,
445 1744 469 1822 I,
487 1745 516 1822 2,
533 1743 563 1821 3,
581 1744 638 1819 253
656 1743 696 1820 Il,
713 1745 763 1822 32,
782 1748 844 1806 etc.
871 1742 963 1820 (vide
978 1745 1135 1826 exempla
1150 1743 1260 1806 multa
1276 1743 1313 1807 in

260 1834 542 1897 Comnreatatioae
557 1839 603 1916 (p.
623 1837 704 1911 147).
722 1834 856 1912 Passio,
875 1836 892 1895 7
916 1857 921 1897 :
951 1833 1015 1912 Qui
1037 1835 1178 1914 attracti,
1200 1835 1313 1917 primo

259 1928 305 1990 eis
318 1948 460 2011 serpens
474 1927 587 1992 voluit
602 1926 754 1990 sibilare.

300 2058 337 2124 3Ο
361 2057 560 2125 Sententiae
580 2078 738 2146 quarum
759 2056 983 2124 constructio
1004 2079 1080 2124 non
1108 2062 1229 2146 potest
1252 2078 1313 2125 ex-

259 2171 412 2259 plicari:

296 2295 424 2375 Victor,
450 2297 490 2368 ΙΙ,
515 2299 574 2374 523
599 2296 655 2376 ΙΙΙ,
680 2299 731 2375 50,
757 2299 797 2356 54
818 2294 914 2373 (Vid.
948 2295 1144 2372 Comment,
1170 2314 1203 2377 p.
1231 2295 1312 2371 149).

257 2388 388 2467 Passi0,
407 2392 441 2451 11
459 2411 464 2450 ;
482 2388 683 2469 Eductisque
709 2387 775 2450 illis
800 2386 841 2449 de
858 2385 1016 2449 custodia
1032 2384 1223 2449 multitudo
1249 2404 1312 2467 po-

257 2481 330 2563 puli
347 2481 409 2545 Dei
426 2482 596 2543 bellatores
622 2480 793 2543 trinitates
821 2479 921 2561 quasi
948 2498 1056 2561 agnos
1082 2478 1253 2542 innocuos
1269 2477 1314 2540 ad

258 2572 441 2636 victimam
457 2572 687 2635 deducebant.

301 2703 369 2770 Tot
385 2702 552 2790 exempla
573 2702 611 2768 in
631 2700 695 2767 illo
715 2700 934 2769 brevissimo
965 2699 1145 2788 opusculo
1162 2699 1315 2768 collecta

223 2870 227 2877 ·
258 2836 393 2898 etcum
413 2829 583 2897 Historiae
605 2826 944 2918 styloconferenda
965 2831 1075 2895 arctae
1099 2827 1316 2917 propinqui-

257 2960 340 3026 tatis
355 2957 492 3025 indicia
512 2962 608 3024 sunt.
642 2956 788 3039 Quanto
809 2957 944 3024 arctior
963 2956 1044 3024 haec
1062 2955 1261 3040 videretur,
1283 2957 1313 3023 si

258 3109 335 3155 non
354 3087 575 3175 opusculum
609 3085 674 3153 sed
706 3084 926 3174 ampliorem
959 3084 1096 3152 librum
1129 3084 1315 3152 Passionis

258 3221 386 3282 auctor
402 3213 692 3303 composuisset!

304 3340 398 3408 Cum
417 3340 526 3429 igitur
540 3341 601 3407 illa
623 3339 705 3428 styli
721 3339 983 3427 propinquitas.
997 3359 1039 3405 ea
1059 3337 1104 3404 sit
1119 3341 1159 3403 ut
1174 3337 1317 3404 Passio-

260 3492 345 3538 nem
371 3470 494 3558 legens
517 3468 703 3537 Victorem
727 3468 849 3555 ipsum
873 3465 992 3555 legere
1019 3465 1221 3555 saepissime
1241 3486 1316 3532 cre-

260 3597 336 3681 das,
374 3619 459 3665 cum
491 3602 669 3684 praeterea
703 3617 786 3684 quae
817 3599 1035 3663 enarrantur
1068 3593 1107 3661 in
1140 3592 1316 3661 Passione

259 3725 369 3792 rebus
395 3725 435 3790 in
458 3722 618 3790 Historia
642 3722 820 3789 enarratis
849 3742 925 3787 non
951 3725 1168 3809 repugnent,
1197 3740 1315 3809 pauca

260 3853 406 3920 obstant
426 3850 626 3939 quominus
655 3848 849 3916 credamus
876 3847 1092 3915 Passionem
1118 3847 1256 3916 Victori
1277 3852 1316 3914 ut

258 4001 347 4048 vero
367 3977 508 4047 auctori
527 3998 636 4067 posse
656 3976 817 4044 attribui.

729 4185 849 4256 FINIS
