3142 5084
756 401 915 463 -44-

311 594 328 637 <r
349 570 629 661 fertilitatisque‚
649 570 801 638 desertis
821 570 916 638 inter
935 591 973 638 se
994 571 1168 659 sejunctae
1184 570 1359 662 (erant)...

311 722 328 767 c<
352 698 480 789 ltaque
498 698 604 767 facile
623 698 703 766 fieri
722 699 842 787 potuit
861 703 902 767 ut
921 700 1117 790 episcopus
1145 699 1363 792 relegandus

311 849 328 894 «
354 827 392 895 in
407 825 519 894 aliam
533 826 688 894 civitatis
706 846 782 894 suae
798 827 916 894 oasim
931 827 1147 911 mitteretur,
1166 827 1229 894 uhi
1250 828 1365 898 eccle-

311 975 328 1020 <r
354 952 448 1021 siam
468 974 545 1021 non
564 952 716 1020 haberet
736 950 797 1042 (1).
823 974 839 1018 t)

353 1081 448 1172 Ergo
474 1103 518 1152 ex
541 1083 598 1151 his
618 1084 792 1152 omnibus
819 1083 1068 1173 colligendum
1093 1090 1147 1154 est
1176 1084 1363 1154 Victorem

309 1212 348 1278 in
368 1209 530 1298 quadam
556 1208 755 1299 Byzacenae
771 1211 899 1300 patriae
916 1233 992 1280 suae
1012 1213 1161 1302 regione
1178 1212 1363 1281 exsulasse

310 1342 420 1428 atque
439 1337 478 1404 in
498 1337 625 1406 exsilio
645 1337 783 1406 librum
803 1339 1071 1427 composuisse.

327 1636 340 1710 g
362 1636 416 1691 ΙΙΙ.
437 1666 472 1677 -
492 1637 581 1707 Quae
601 1648 728 1694 causae
747 1638 1001 1696 vandalorum
1020 1637 1284 1696 crudelitatem
1304 1637 1342 1695 ln

660 1730 774 1789 Afros
794 1732 1025 1790 exacuerint.

353 1947 539 2017 Vandalos
558 1948 719 2017 Africam
739 1950 922 2038 ingressos
938 1949 1054 2016 multa
1070 1954 1105 2018 et
1125 1970 1221 2017 nova
1237 1951 1365 2019 incita·

309 2077 399 2145 bant
418 2080 457 2144 ut
477 2096 555 2145 sese
576 2075 800 2144 crudeliores
820 2097 934 2164 quam
953 2081 1061 2144 antea
1079 2077 1235 2162 fuerant,
1254 2099 1366 2167 praes-

310 2206 441 2270 tarent.
464 2200 600 2269 Aderat
619 2201 670 2268 ibi
690 2201 938 2269 infensissima
957 2201 1132 2271 Ecclesiae
1153 2208 1187 2271 et
1207 2205 1363 2293 imperio

310 2351 466 2398 romano
476 2329 586 2396 factio
597 2328 887 2414 Donatistarum,
906 2330 969 2419 qui
984 2330 1067 2398 latis
1083 2332 1129 2399 ab
1141 2332 1365 2420 imperatore

310 2458 463 2548 legibus,
487 2461 521 2524 et
541 2457 587 2524 ab
607 2456 810 2546 Augustino
831 2462 959 2526 contra
980 2480 1043 2526 eos
1063 2458 1110 2526 de
1131 2479 1217 2539 vera
1242 2458 1366 2529 Eccle-

311 2585 364 2653 sia
384 2584 593 2674 disputante
614 2584 786 2672 superati‚
808 2585 934 2670 vitam,
962 2585 1100 2673 ubique
1126 2586 1293 2671 latentes,
1324 2588 1363 2654 in

311 2711 456 2779 silentio
477 2711 643 2800 agebant.
667 2710 778 2799 Spem
793 2715 917 2778 autem
933 2711 1160 2778 retinuerant
1175 2710 1262 2778 belli
1279 2732 1366 2779 crim

312 2837 501 2906 catholicis
529 2835 814 2926 redintegrandi,
840 2842 875 2906 et
897 2858 983 2904 suos
1005 2836 1233 2924 ulciscendi3
1263 2839 1367 2926 cujus
1469 2872 1471 2875 ·

314 2965 464 3033 ultionis
480 2965 624 3032 occasio
636 2985 657 3032 a
667 2963 842 3032 Vandalis
859 2963 942 3032 data
958 2969 1022 3049 est,
1039 2964 1261 3053 quibuscum
1276 2967 1367 3035 inita

314 3093 498 3176 societate,
521 3096 660 3163 contra
676 3112 893 3160 communes
914 3092 1049 3177 hostes
1077 3093 1205 3160 Romae
1230 3093 1367 3161 scilicet

313 3219 576 3308 imperatorem
591 3223 625 3285 et
649 3217 861 3301 catholicos,
887 3239 989 3285 arma
1012 3224 1260 3307 sumpserunt.
1285 3219 1367 3286 Jam

313 3368 381 3415 nec
394 3346 511 3414 multo
528 3351 623 3431 ante,
642 3351 682 3414 ut
697 3346 799 3414 illam
813 3347 1047 3414 occasionem
1062 3348 1100 3413 in
1114 3354 1289 3436 promptu
1305 3347 1368 3414 ha·

313 3476 454 3559 berent,
468 3495 554 3542 cum
566 3472 694 3542 Gothis
707 3474 855 3558 arianis,
874 3474 1068 3562 Sigisvulto
1084 3472 1189 3559 duce,
1207 3473 1368 3542 Africam

313 3603 547 3686 intrantibus,
566 3603 687 3669 conati
707 3607 822 3686 erant,
844 3600 975 3668 eadem
996 3622 1079 3689 quae
1098 3601 1223 3669 Ariani
1244 3600 1368 3668 crede-

314 3734 396 3798 rent
416 3749 454 3797 se
474 3727 623 3797 credere
649 3726 834 3816 fingendo,
864 3728 1066 3796 'amicitiam
1092 3729 1281 3796 instituere
1302 3727 1365 3818 (2).

316 3851 407 3935 Quae
427 3872 513 3919 cum
537 3853 586 3919 ita
613 3852 696 3934 sint,
719 3852 802 3940 quis
822 3858 928 3942 neget
948 3851 1170 3937 DonatistaS‚
1193 3851 1368 3920 Vandalis

348 4129 382 4193 (l)
402 4128 496 4193 Corpus
512 4130 616 4194 inscrip.
635 4130 694 4190 lot,
711 4133 772 4193 Vlll‚
790 4149 845 4195 pars
863 4136 880 4192 l,
898 4149 956 4198 pag.
977 4135 1004 4183 21
1024 4136 1078 4194 (sub
1093 4137 1167 4184 verbo
1179 4135 1261 4184 Turris
1273 4135 1369 4184 Tamal-

316 4205 365 4258 leni
382 4206 462 4264 (hodie
477 4206 592 4270 Telmin).

349 4282 383 4346 (2)
402 4285 424 4331 St
437 4285 552 4349 August,
569 4282 651 4354 Epist.
670 4285 722 4338 185.
