3142 5084
753 447 933 509 -122-

314 622 395 679 sunt
409 621 442 679 et
459 636 518 700 per
539 615 625 678 olias
642 614 830 698 prouincias
845 613 998 678 Orientis
1020 614 1076 694 (ΙΙ,
1091 615 1135 691 4).
1213 612 1372 678 Statuere

309 730 369 794 per
384 713 484 773 totam
499 710 648 792 Africam
664 708 837 772 festinavit
852 709 907 787 (ΙΙ,
923 709 986 784 23).
1057 706 1281 791 coepiscopis
1295 707 1371 771 tuis

309 824 369 888 per
394 804 580 867 uniuersam
602 802 750 884 Africam
776 801 973 865 constitutis
999 801 1193 865 direximus
1221 802 1276 881 (ΙΙ,
1301 803 1369 878 39).

368 896 444 959 Nisi
463 896 553 980 patri
569 915 629 979 per
652 898 765 958 omniu
780 895 903 958 suisset
917 894 1063 978 aequalis
1077 895 1133 975 (ΙΙ,
1148 896 1212 972 61).
1282 895 1372 958 Nos·

312 997 439 1056 cuntur
453 990 580 1054 habere
591 1010 651 1073 per
666 989 779 1052 omnio
796 994 1002 1072 potestatem
1017 988 1087 1068 (ΙΙΙ,
1106 990 1170 1066 54).

358 1110 390 1200 c)
413 1109 512 1176 Alias
531 1130 599 1198 pro
620 1108 656 1176 in
678 1129 758 1175 cum
780 1106 981 1176 accusativo
1004 1103 1014 1174 .·’

399 1237 462 1298 Per
475 1234 643 1297 uniuersos
652 1233 814 1297 africanae
824 1238 923 1297 terrae
934 1232 1123 1316 prouincias
1131 1237 1278 1296 tortores
1292 1233 1371 1296 des-

313 1329 424 1392 tinare
439 1328 509 1408 (ΙΙΙ,
525 1331 588 1405 21).

358 1448 527 1536 Denique
547 1447 760 1535 praepositio
776 1466 843 1536 per
862 1444 900 1512 in
916 1443 1141 1534 quibusdam
1160 1445 1253 1514 locis
1266 1446 1372 1536 apud

311 1575 497 1643 Victorem
517 1571 713 1640 adhibetur
733 1577 772 1639 ut
791 1570 891 1660 apud
911 1592 979 1638 nos
995 1592 1067 1661 par
1089 1595 1099 1639 :

408 1702 472 1763 Per
485 1699 545 1781 filu
559 1699 806 1763 consciderunt
820 1699 891 1777 (ΙΙΙ,
906 1699 959 1776 48)
973 1725 1014 1754 :
1028 1698 1065 1761 fil
1081 1718 1144 1781 par
1158 1698 1207 1762 fil.
1276 1699 1373 1763 Duo-

313 1794 427 1858 decies
439 1813 497 1876 per
511 1812 639 1856 cunum
651 1792 706 1872 (ΙΙ,
723 1793 775 1868 lo)
797 1816 838 1850 .-.
859 1791 966 1854 douze
981 1790 1047 1854 fois
1064 1811 1127 1874 par
1142 1810 1198 1855 an.
1270 1791 1372 1869 Quos

311 1908 369 1972 per
382 1892 550 1951 momentu
565 1885 702 1968 singula
717 1906 799 1949 cum
815 1884 963 1949 medicis
988 1885 1159 1949 circuibat
1173 1886 1211 1966 (Ι,
1227 1887 1279 1964 26)
1293 1887 1373 1950 :a

314 1983 448 2064 chaque
470 1986 638 2061 moment,
653 1999 715 2065 par
737 1984 921 2043 moments.
993 1980 1159 2063 Pergebat
1180 1999 1371 2044 excurrens

310 2096 370 2160 per
392 2075 540 2157 sinpulos
556 2075 654 2137 lectus
668 2074 705 2152 (*)
723 2074 762 2154 (l,
781 2076 834 2151 26)
848 2098 889 2132 z
903 2073 1061 2152 (visitant
1076 2075 1125 2138 les
1141 2074 1308 2152 malades)
1327 2073 1373 2137 lit

315 2189 378 2254 par
392 2169 443 2232 lit.
455 2178 457 2183 “

812 2286 871 2355 Ad

359 2438 526 2506 Liberior
545 2443 580 2506 et
598 2437 817 2504 insolentior
849 2443 902 2505 est
928 2436 1027 2526 apud
1052 2437 1239 2506 Victorem
1258 2435 1372 2523 hujus

314 2566 587 2657 praepositionis
608 2586 695 2633 usus
719 2589 725 2633 :

359 2695 396 2784 u)
419 2693 477 2762 Ad
495 2714 563 2782 pro
585 2691 620 2759 in
641 2712 722 2759 cum
743 2691 944 2758 accusativo
964 2691 1116 2780 ponitur
1138 2714 1145 2758 ;

355 2866 389 2888 ...
407 2819 566 2902 Dirigens
582 2819 676 2882 viros
692 2817 861 2900 ingenuos
877 2818 921 2880 od
937 2838 1090 2901 campum
1106 2818 1297 2882 uticensem
1312 2819 1367 2898 (ΙΙ,

311 2905 424 2990 10).
441 2911 658 2974 Adexsilinm
674 2911 780 2973 eremi
797 2910 982 2975 destinavit
993 2910 1047 2990 (ΙΙ,
1060 2911 1123 2987 26).
1188 2911 1370 2974 Festinant

312 3006 441 3070 hilares
451 3005 496 3069 ud
509 3025 645 3068 coronas
655 3005 710 3084 (ΙΙ,
722 3006 786 3081 30).
846 3004 899 3066 Ad
909 3004 1065 3067 exsilium
1077 3005 1225 3086 perrexit
1235 3005 1289 3085 (ΙΙ,
1301 3007 1366 3083 33).

312 3099 362 3165 cf.
381 3098 422 3178 ΙΙ,
439 3099 496 3175 45;
515 3098 571 3177 ΙΙΙ,
587 3098 638 3177 38,
653 3099 702 3161 50.

358 3218 394 3309 b)
417 3217 627 3306 Saepissime
643 3216 744 3284 urbis
759 3221 823 3283 aut
842 3216 1001 3304 regionis
1022 3237 1160 3283 nomen
1176 3215 1366 3305 praecedit,

312 3351 396 3414 ante
416 3350 478 3414 aut
497 3348 581 3434 post
601 3341 903 3424 commovendi,
923 3340 1024 3429 quod
1040 3346 1165 3408 tamen
1181 3362 1258 3408 non
1273 3341 1369 3408 mul-

311 3478 391 3540 tum
410 3494 431 3540 a
451 3478 550 3539 recto
570 3469 754 3538 scribendi
781 3490 849 3535 usu
870 3468 1019 3536 recedit.
1041 3469 1245 3557 Aliquoties
1266 3468 1367 3535 enim

311 3598 397 3666 talia
416 3598 577 3685 reperire
597 3602 650 3663 est
670 3595 769 3684 apud
789 3616 911 3663 aureae
930 3596 1120 3664 latinitatis
1136 3596 1333 3684 scriptores
1356 3617 1363 3661 :

312 3723 386 3791 Cic.
415 3722 480 3812 (od
502 3722 646 3805 Fomrl,
676 3722 729 3805 16,
751 3723 787 3812 2)
806 3744 812 3788 :
898 3723 957 3792 Ad
975 3722 1143 3811 Alyziam
1162 3740 1368 3790 accessera-

311 3868 415 3931 mus;
438 3846 583 3914 Sallust.
601 3847 697 3937 (Juq.
716 3847 794 3939 75);
874 3849 932 3918 Ad
956 3849 1108 3917 Tlrolom
1121 3847 1367 3936 proficiscitur

311 3975 366 4066 (ut
393 3975 524 4042 urbem
550 3975 715 4041 intrctet
742 3976 901 4066 capiat);
929 3976 997 4043 Tit.
1024 3977 1102 4045 Liv.
1124 3975 1181 4064 (V,
1210 3975 1263 4059 19,
1292 3974 1329 4064 8)
1356 3996 1363 4041 :

310 4103 369 4172 Ad
402 4101 498 4172 Veios
527 4102 706 4169 exercitus
732 4101 874 4170 ductus.
905 4103 995 4185 Quae
1023 4103 1247 4170 documento
1279 4108 1367 4170 sunt

311 4253 388 4300 non
407 4231 561 4300 omnino
582 4236 732 4316 certam,
756 4232 792 4298 in
814 4231 995 4319 ejusmodi
1017 4233 1218 4317 sententiis,
1241 4231 1366 4320 quoad

313 4353 483 4364 .....-.-

345 4410 375 4474 (”)
391 4410 478 4462 Lectus
492 4411 574 4472 BVP.;
591 4410 664 4463 lectos
679 4412 727 4461 ltu.
746 4411 778 4461 Η.
