3142 5084
703 381 862 449 „32-

256 548 507 615 monumentis
527 567 639 636 quam
659 548 698 614 in
717 545 855 615 Notitia
877 547 1158 635 episcopatuum
1177 544 1309 612 Africae

255 673 405 763 legatur,
419 675 484 742 scd
498 675 622 764 potius
633 675 763 760 uicum,
779 680 841 741 aut
855 674 1050 763 regionem,
1065 673 1123 742 vel
1136 672 1305 763 fundum.

254 800 451 870 Neminem
472 802 571 870 enim
590 801 682 869 fallit
707 800 843 868 multos
870 801 1064 890 episcopos
1091 801 1130 867 in
1157 799 1310 868 saltibus

255 929 289 992 et
304 924 428 992 fundis
442 923 574 992 Africae
590 924 695 993 sedes
711 925 896 1009 habuisse,
912 946 1071 1013 quarum
1082 946 1159 992 non
1173 923 1309 992 tabulae

254 1051 519 1140 geographicae,
541 1049 606 1119 sed
626 1051 747 1139 solum
772 1052 912 1119 notitiae
932 1051 1187 1119 ecclesiasticae
1208 1071 1311 1118 men-

254 1177 396 1244 tionem
418 1177 577 1261 faciunt3
609 1176 711 1265 quod
740 1178 860 1245 evenit
888 1176 933 1245 de
960 1176 1117 1246 Victoris
1145 1176 1309 1266 episcopi

255 1303 342 1372 sede
357 1325 441 1394 quae
456 1327 472 1371 r
485 1304 609 1394 putria
630 1305 773 1375 Vitensis
790 1327 807 1371 J>
823 1306 862 1373 in
878 1304 1103 1394 quibusdam
1118 1303 1309 1372 codicibus

255 1434 515 1523 manuscriptis
539 1434 757 1523 appellatur,
786 1456 861 1522 quo
890 1433 1149 1523 appellationis
1177 1452 1311 1523 genere

256 1558 429 1647 quaedam
439 1557 545 1627 sedes
554 1558 594 1626 in
602 1558 846 1627 conciliorum
856 1557 1109 1626 monumentis
1118 1555 1311 1646 designan-

254 1690 325 1754 tur.
346 1685 431 1755 Non
451 1687 566 1777 magis
586 1692 727 1755 certum
748 1692 801 1755 est
820 1687 1005 1755 Victorem
1021 1685 1067 1754 de
1083 1685 1186 1754 Utica
1206 1683 1310 1773 loqui

254 1815 426 1900 voluisse,
444 1821 483 1882 ut
500 1813 734 1883 crediderunt
750 1814 840 1883 olim
855 1815 908 1882 illi
924 1834 1084 1902 quorum
1100 1812 1222 1881 studio
1237 1812 1311 1901 pri·

255 1927 360 2009 mum
385 1942 541 2012 Victoris
561 1942 713 2010 historia
733 1942 772 2009 in
791 1942 913 2010 lucem
934 1940 1031 2009 edita
1052 1947 1116 2009 est.
1144 1939 1189 2007 Hi
1211 1940 1312 2008 enim

255 2069 621 2138 rebanturVictorem
631 2070 879 2159 episcopalem
888 2069 1015 2154 Uticae,
1026 2067 1177 2136 illustris
1194 2069 1308 2152 urbis,

256 2196 382 2265 sedem
403 2217 602 2285 occupasse
625 2220 631 2264 :
655 2218 768 2285 quam
788 2197 1006 2286 opinionem
1020 2216 1094 2264 una
1109 2216 1200 2263 voce
1220 2195 1311 2282 reJe-

255 2329 385 2392 cerunt
404 2326 479 2413 qui,
502 2329 586 2413 post
605 2347 679 2410 eos,
702 2325 741 2391 in
759 2325 898 2393 Notitia
916 2323 1048 2392 Africae
1068 2321 1311 2413 proconsula-

255 2450 305 2517 ris
319 2448 371 2540 (1)
390 2449 555 2540 legerunt
577 2471 715 2517 nomen
735 2448 939 2516 Florentini
959 2447 1140 2516 Uticensis
1160 2445 1200 2512 in
1221 2443 1311 2512 Cor-

255 2575 330 2643 sica
350 2573 549 2643 exsulantis
564 2580 643 2642 tum
659 2595 744 2641 cum
759 2573 952 2641 historiam
967 2570 1151 2639 scribebat
1165 2569 1308 2653 Victor;

256 2724 331 2791 quo
359 2707 526 2791 tempore
555 2700 748 2769 inlocum
776 2700 924 2789 relegati
957 2697 1121 2787 episcopi
1154 2696 1310 2764 minime

256 2829 428 2898 suffectus
455 2834 520 2914 est,
550 2827 855 2918 quandoquidem
875 2828 943 2895 suh
965 2824 1152 2895 Genserici
1178 2829 1213 2893 et
1236 2823 1311 2892 Hu-
1348 2871 1351 2879 .

256 2956 370 3024 nerici
385 2955 641 3045 persecutione
657 2954 809 3044 expulso
823 2954 998 3043 episcopo
1012 2973 1123 3021 nemo
1140 2949 1311 3020 succede·

256 3083 329 3151 bat.
352 3080 447 3170 Ergo
467 3080 592 3150 Victor
614 3082 653 3148 in
673 3080 836 3170 quadam
856 3081 947 3148 urbe
967 3079 1167 3170 Byzaccnae
1187 3077 1312 3145 minus

256 3216 344 3278 nota
363 3212 471 3277 natus
491 3214 565 3293 cst3
588 3207 689 3297 quod
709 3207 879 3298 colligere
900 3211 954 3275 est
980 3212 1024 3274 ex
1050 3206 1140 3274 actis
1164 3203 1312 3273 concilii

256 3336 482 3426 Teleptensis
496 3334 548 3427 (2)
568 3336 626 3403 cui
647 3334 764 3402 adfuit
783 3334 960 3424 Papinius
985 3331 1139 3421 quidam
1159 3331 1311 3421 provin-

258 3464 323 3532 ciae
334 3463 534 3554 Byzacenae
543 3463 867 3552 episcopus‚quem
877 3459 979 3529 haud
987 3459 1102 3527 alium
1114 3479 1192 3527 csse
1201 3464 1311 3546 atque

258 3589 364 3657 illum
384 3610 496 3677 quem
515 3589 555 3655 in
574 3588 696 3677 operis
715 3587 821 3655 initio
840 3586 965 3657 Victor
984 3585 1202 3669 nominavit,
1220 3583 1313 3653 veri-

259 3717 416 3785 similius
434 3716 591 3785 videtur.

302 3843 387 3914 Non
403 3843 551 3914 difficile
565 3846 633 3913 erit
644 3843 898 3914 demonstrare
908 3843 1094 3913 Victorem
1110 3843 1312 3911 maximam

292 4168 324 4232 (l)
341 4167 436 4221 Notiliu
451 4165 642 4218 Provinciarum
660 4166 859 4230 (Proconsularis,
877 4178 903 4214 11⁰
916 4166 967 4230 22).

292 4241 325 4306 (2)
342 4243 412 4290 Anno
429 4241 486 4290 418.
