<?xml version="1.0" encoding="UTF-8"?>
<!DOCTYPE html PUBLIC "-//W3C//DTD XHTML 1.0 Transitional//EN"
    "http://www.w3.org/TR/xhtml1/DTD/xhtml1-transitional.dtd">
<html xmlns="http://www.w3.org/1999/xhtml" xml:lang="en" lang="en">
 <head>
  <title>
</title>
<meta http-equiv="Content-Type" content="text/html;charset=utf-8" />
  <meta name='ocr-system' content='tesseract 3.04.00' />
  <meta name='ocr-capabilities' content='ocr_page ocr_carea ocr_par ocr_line ocrx_word'/>
</head>
<body>
  <div class='ocr_page' id='page_1' title='image "./devictorisviten00ferrgoog_0018.png"; bbox 0 0 3142 5084; ppageno 0'>
   <div class='ocr_carea' id='block_1_1' title="bbox 657 337 798 397">
    <p class='ocr_par' dir='ltr' id='par_1_1' title="bbox 657 337 798 397">
     <span class='ocr_line' id='line_1_1' title="bbox 657 337 798 397; baseline 0 -15"><span class='ocrx_word' id='word_1_1' title='bbox 657 337 798 397; x_wconf 56' lang='grc'>.-9-</span> 
     </span>
    </p>
   </div>
   <div class='ocr_carea' id='block_1_2' title="bbox 244 505 1250 594">
    <p class='ocr_par' dir='ltr' id='par_1_2' title="bbox 244 505 1250 594">
     <span class='ocr_line' id='line_1_2' title="bbox 244 505 1250 594; baseline 0.005 -22"><span class='ocrx_word' id='word_1_2' title='bbox 244 507 334 574; x_wconf 91' lang='lat' dir='ltr'>Istas</span> <span class='ocrx_word' id='word_1_3' title='bbox 353 505 526 574; x_wconf 83' lang='lat' dir='ltr'>Afrorum</span> <span class='ocrx_word' id='word_1_4' title='bbox 545 506 643 574; x_wconf 83' lang='lat' dir='ltr'>vices</span> <span class='ocrx_word' id='word_1_5' title='bbox 662 507 818 594; x_wconf 74' lang='lat' dir='ltr'><strong>posteris</strong></span> <span class='ocrx_word' id='word_1_6' title='bbox 842 506 994 575; x_wconf 79' lang='lat' dir='ltr'>tradidit</span> <span class='ocrx_word' id='word_1_7' title='bbox 1017 507 1153 594; x_wconf 81' lang='lat' dir='ltr'>Victor,</span> <span class='ocrx_word' id='word_1_8' title='bbox 1180 510 1250 577; x_wconf 85' lang='lat' dir='ltr'>vici</span> 
     </span>
    </p>
   </div>
   <div class='ocr_carea' id='block_1_3' title="bbox 201 618 1252 727">
    <p class='ocr_par' dir='ltr' id='par_1_3' title="bbox 201 618 1252 727">
     <span class='ocr_line' id='line_1_3' title="bbox 201 618 1252 727; baseline 0.004 -25"><span class='ocrx_word' id='word_1_9' title='bbox 201 634 360 703; x_wconf 90' lang='lat' dir='ltr'>Vitensis</span> <span class='ocrx_word' id='word_1_10' title='bbox 375 635 414 702; x_wconf 93' lang='lat' dir='ltr'>in</span> <span class='ocrx_word' id='word_1_11' title='bbox 428 633 618 724; x_wconf 82' lang='lat' dir='ltr'><strong>Byzacena</strong></span> <span class='ocrx_word' id='word_1_12' title='bbox 634 635 692 702; x_wconf 92' lang='lat' dir='ltr'>siti</span> <span class='ocrx_word' id='word_1_13' title='bbox 713 618 918 724; x_wconf 73' lang='lat' dir='ltr'>epis&#39;copus.</span> <span class='ocrx_word' id='word_1_14' title='bbox 936 634 1158 726; x_wconf 84' lang='lat' dir='ltr'>Quanquam</span> <span class='ocrx_word' id='word_1_15' title='bbox 1175 639 1252 727; x_wconf 90' lang='lat' dir='ltr'>ejus</span> 
     </span>
    </p>
   </div>
   <div class='ocr_carea' id='block_1_4' title="bbox 194 761 1252 3907">
    <p class='ocr_par' dir='ltr' id='par_1_4' title="bbox 194 761 1252 3907">
     <span class='ocr_line' id='line_1_4' title="bbox 200 761 1252 852; baseline 0.004 -23"><span class='ocrx_word' id='word_1_16' title='bbox 200 761 352 830; x_wconf 91' lang='lat' dir='ltr'>historia</span> <span class='ocrx_word' id='word_1_17' title='bbox 368 761 483 830; x_wconf 88' lang='lat' dir='ltr'>cuivis</span> <span class='ocrx_word' id='word_1_18' title='bbox 498 762 725 829; x_wconf 84' lang='lat' dir='ltr'>uberrimam</span> <span class='ocrx_word' id='word_1_19' title='bbox 741 762 844 830; x_wconf 91' lang='lat' dir='ltr'>illam</span> <span class='ocrx_word' id='word_1_20' title='bbox 858 764 1160 852; x_wconf 80' lang='lat' dir='ltr'>persecutionum</span> <span class='ocrx_word' id='word_1_21' title='bbox 1175 787 1252 834; x_wconf 93' lang='lat' dir='ltr'>ma-</span> 
     </span>
     <span class='ocr_line' id='line_1_5' title="bbox 199 889 1251 981; baseline 0.005 -24"><span class='ocrx_word' id='word_1_22' title='bbox 199 889 329 958; x_wconf 83' lang='lat' dir='ltr'>teriam</span> <span class='ocrx_word' id='word_1_23' title='bbox 351 890 555 979; x_wconf 85' lang='lat' dir='ltr'>exploranti</span> <span class='ocrx_word' id='word_1_24' title='bbox 575 890 723 959; x_wconf 88' lang='lat' dir='ltr'>brevior</span> <span class='ocrx_word' id='word_1_25' title='bbox 742 896 777 958; x_wconf 89' lang='lat' dir='ltr'>et</span> <span class='ocrx_word' id='word_1_26' title='bbox 801 892 906 980; x_wconf 91' lang='lat' dir='ltr'>quasi</span> <span class='ocrx_word' id='word_1_27' title='bbox 926 892 966 959; x_wconf 96' lang='lat' dir='ltr'>in</span> <span class='ocrx_word' id='word_1_28' title='bbox 986 893 1251 981; x_wconf 87' lang='lat' dir='ltr'>compendium</span> 
     </span>
     <span class='ocr_line' id='line_1_6' title="bbox 201 1017 1251 1103; baseline 0.006 -19"><span class='ocrx_word' id='word_1_29' title='bbox 201 1018 347 1086; x_wconf 91' lang='lat' dir='ltr'>redacta</span> <span class='ocrx_word' id='word_1_30' title='bbox 362 1017 519 1103; x_wconf 89' lang='lat' dir='ltr'>videtur,</span> <span class='ocrx_word' id='word_1_31' title='bbox 537 1018 721 1086; x_wconf 89' lang='lat' dir='ltr'>affirmare</span> <span class='ocrx_word' id='word_1_32' title='bbox 736 1023 862 1087; x_wconf 92' lang='lat' dir='ltr'>tamen</span> <span class='ocrx_word' id='word_1_33' title='bbox 877 1021 996 1087; x_wconf 91' lang='lat' dir='ltr'>ausim</span> <span class='ocrx_word' id='word_1_34' title='bbox 1012 1020 1157 1089; x_wconf 90' lang='lat' dir='ltr'>nullum</span> <span class='ocrx_word' id='word_1_35' title='bbox 1172 1022 1251 1090; x_wconf 93' lang='lat' dir='ltr'>illo-</span> 
     </span>
     <span class='ocr_line' id='line_1_7' title="bbox 200 1144 1248 1235; baseline 0.005 -25"><span class='ocrx_word' id='word_1_36' title='bbox 200 1165 283 1210; x_wconf 94' lang='lat' dir='ltr'>rum</span> <span class='ocrx_word' id='word_1_37' title='bbox 302 1148 526 1231; x_wconf 90' lang='lat' dir='ltr'>temporum,</span> <span class='ocrx_word' id='word_1_38' title='bbox 549 1144 669 1231; x_wconf 91' lang='lat' dir='ltr'>quinti</span> <span class='ocrx_word' id='word_1_39' title='bbox 689 1149 724 1213; x_wconf 93' lang='lat' dir='ltr'>et</span> <span class='ocrx_word' id='word_1_40' title='bbox 743 1145 834 1212; x_wconf 83' lang='lat' dir='ltr'>sexti</span> <span class='ocrx_word' id='word_1_41' title='bbox 854 1146 991 1230; x_wconf 88' lang='lat' dir='ltr'>saeculi,</span> <span class='ocrx_word' id='word_1_42' title='bbox 1019 1147 1248 1235; x_wconf 84' lang='lat' dir='ltr'>scriptorem,</span> 
     </span>
     <span class='ocr_line' id='line_1_8' title="bbox 200 1269 1251 1362; baseline 0.007 -26"><span class='ocrx_word' id='word_1_43' title='bbox 200 1269 400 1357; x_wconf 86' lang='lat' dir='ltr'>explicasse</span> <span class='ocrx_word' id='word_1_44' title='bbox 429 1274 518 1358; x_wconf 93' lang='lat' dir='ltr'>quot</span> <span class='ocrx_word' id='word_1_45' title='bbox 549 1275 584 1337; x_wconf 91' lang='lat' dir='ltr'>et</span> <span class='ocrx_word' id='word_1_46' title='bbox 612 1276 749 1360; x_wconf 93' lang='lat' dir='ltr'>quanta</span> <span class='ocrx_word' id='word_1_47' title='bbox 778 1272 876 1340; x_wconf 93' lang='lat' dir='ltr'>mala</span> <span class='ocrx_word' id='word_1_48' title='bbox 904 1271 1056 1340; x_wconf 88' lang='lat' dir='ltr'>devictis</span> <span class='ocrx_word' id='word_1_49' title='bbox 1082 1276 1251 1362; x_wconf 90' lang='lat' dir='ltr'>gentibus</span> 
     </span>
     <span class='ocr_line' id='line_1_9' title="bbox 198 1397 1250 1482; baseline 0.007 -16"><span class='ocrx_word' id='word_1_50' title='bbox 198 1397 324 1468; x_wconf 86' lang='lat' dir='ltr'>Ariani</span> <span class='ocrx_word' id='word_1_51' title='bbox 344 1398 545 1466; x_wconf 90' lang='lat' dir='ltr'>intulerint.</span> <span class='ocrx_word' id='word_1_52' title='bbox 574 1398 694 1482; x_wconf 87' lang='lat' dir='ltr'>Quam</span> <span class='ocrx_word' id='word_1_53' title='bbox 722 1400 919 1469; x_wconf 88' lang='lat' dir='ltr'>crudeliter</span> <span class='ocrx_word' id='word_1_54' title='bbox 937 1402 996 1470; x_wconf 93' lang='lat' dir='ltr'>isti</span> <span class='ocrx_word' id='word_1_55' title='bbox 1016 1403 1055 1469; x_wconf 92' lang='lat' dir='ltr'>in</span> <span class='ocrx_word' id='word_1_56' title='bbox 1076 1401 1192 1473; x_wconf 88' lang='lat' dir='ltr'>Gallia</span> <span class='ocrx_word' id='word_1_57' title='bbox 1212 1426 1250 1473; x_wconf 89' lang='lat' dir='ltr'>se</span> 
     </span>
     <span class='ocr_line' id='line_1_10' title="bbox 198 1527 1250 1618; baseline 0.005 -23"><span class='ocrx_word' id='word_1_58' title='bbox 198 1529 374 1616; x_wconf 81' lang='lat' dir='ltr'>gesserint</span> <span class='ocrx_word' id='word_1_59' title='bbox 390 1548 433 1595; x_wconf 87' lang='lat' dir='ltr'>ex</span> <span class='ocrx_word' id='word_1_60' title='bbox 449 1527 673 1616; x_wconf 90' lang='lat' dir='ltr'>quibusdam</span> <span class='ocrx_word' id='word_1_61' title='bbox 686 1527 848 1618; x_wconf 82' lang='lat' dir='ltr'>Gregorii</span> <span class='ocrx_word' id='word_1_62' title='bbox 861 1530 1087 1599; x_wconf 89' lang='lat' dir='ltr'>Turonensis</span> <span class='ocrx_word' id='word_1_63' title='bbox 1099 1537 1134 1600; x_wconf 90' lang='lat' dir='ltr'>et</span> <span class='ocrx_word' id='word_1_64' title='bbox 1147 1532 1250 1601; x_wconf 88' lang='lat' dir='ltr'>Sido-</span> 
     </span>
     <span class='ocr_line' id='line_1_11' title="bbox 199 1654 1250 1748; baseline 0.007 -27"><span class='ocrx_word' id='word_1_65' title='bbox 199 1656 250 1722; x_wconf 90' lang='lat' dir='ltr'>nii</span> <span class='ocrx_word' id='word_1_66' title='bbox 270 1654 493 1743; x_wconf 88' lang='lat' dir='ltr'>Apollinaris</span> <span class='ocrx_word' id='word_1_67' title='bbox 516 1655 607 1722; x_wconf 90' lang='lat' dir='ltr'>locis</span> <span class='ocrx_word' id='word_1_68' title='bbox 627 1658 784 1744; x_wconf 88' lang='lat' dir='ltr'>carptim</span> <span class='ocrx_word' id='word_1_69' title='bbox 803 1659 1042 1746; x_wconf 84' lang='lat' dir='ltr'>cognovimus</span> <span class='ocrx_word' id='word_1_70' title='bbox 1061 1681 1068 1743; x_wconf 82' lang='lat'>3</span> <span class='ocrx_word' id='word_1_71' title='bbox 1087 1661 1250 1748; x_wconf 93' lang='lat' dir='ltr'>peculia-</span> 
     </span>
     <span class='ocr_line' id='line_1_12' title="bbox 198 1780 1250 1869; baseline 0.002 -20"><span class='ocrx_word' id='word_1_72' title='bbox 198 1802 277 1849; x_wconf 90' lang='lat' dir='ltr'>rem</span> <span class='ocrx_word' id='word_1_73' title='bbox 297 1785 421 1848; x_wconf 89' lang='lat' dir='ltr'>autem</span> <span class='ocrx_word' id='word_1_74' title='bbox 439 1780 577 1847; x_wconf 87' lang='lat' dir='ltr'>librum</span> <span class='ocrx_word' id='word_1_75' title='bbox 597 1781 741 1869; x_wconf 87' lang='lat' dir='ltr'>scripsit</span> <span class='ocrx_word' id='word_1_76' title='bbox 759 1781 884 1849; x_wconf 89' lang='lat' dir='ltr'>Victor</span> <span class='ocrx_word' id='word_1_77' title='bbox 907 1781 1077 1867; x_wconf 69' lang='lat' dir='ltr'>Vitensis</span> <span class='ocrx_word' id='word_1_78' title='bbox 1104 1805 1151 1850; x_wconf 91' lang='lat' dir='ltr'>ne</span> <span class='ocrx_word' id='word_1_79' title='bbox 1175 1784 1250 1852; x_wconf 91' lang='lat' dir='ltr'>ulla</span> 
     </span>
     <span class='ocr_line' id='line_1_13' title="bbox 198 1907 1247 2000; baseline 0.004 -25"><span class='ocrx_word' id='word_1_80' title='bbox 198 1930 255 1976; x_wconf 90' lang='lat' dir='ltr'>res</span> <span class='ocrx_word' id='word_1_81' title='bbox 271 1929 292 1976; x_wconf 94' lang='lat' dir='ltr'>a</span> <span class='ocrx_word' id='word_1_82' title='bbox 311 1907 486 1977; x_wconf 89' lang='lat' dir='ltr'>Vandalis</span> <span class='ocrx_word' id='word_1_83' title='bbox 506 1913 714 1996; x_wconf 90' lang='lat' dir='ltr'>perpetrata</span> <span class='ocrx_word' id='word_1_84' title='bbox 734 1909 856 1999; x_wconf 92' lang='lat' dir='ltr'>ignota</span> <span class='ocrx_word' id='word_1_85' title='bbox 872 1916 1089 1978; x_wconf 90' lang='lat' dir='ltr'>remaneret.</span> <span class='ocrx_word' id='word_1_86' title='bbox 1107 1911 1247 2000; x_wconf 86' lang='lat' dir='ltr'>ltaque¹</span> 
     </span>
     <span class='ocr_line' id='line_1_14' title="bbox 198 2035 1249 2126; baseline 0.003 -22"><span class='ocrx_word' id='word_1_87' title='bbox 198 2035 516 2125; x_wconf 89' lang='lat' dir='ltr'>quemadmodum</span> <span class='ocrx_word' id='word_1_88' title='bbox 550 2037 666 2104; x_wconf 93' lang='lat' dir='ltr'>sancti</span> <span class='ocrx_word' id='word_1_89' title='bbox 703 2037 905 2125; x_wconf 67' lang='lat' dir='ltr'>Augustini,</span> <span class='ocrx_word' id='word_1_90' title='bbox 935 2038 1078 2126; x_wconf 89' lang='lat' dir='ltr'>scriptis</span> <span class='ocrx_word' id='word_1_91' title='bbox 1118 2039 1249 2108; x_wconf 81' lang='lat' dir='ltr'>Africae</span> 
     </span>
     <span class='ocr_line' id='line_1_15' title="bbox 198 2163 1249 2252; baseline 0.006 -23"><span class='ocrx_word' id='word_1_92' title='bbox 198 2165 325 2252; x_wconf 90' lang='lat' dir='ltr'>gloria,</span> <span class='ocrx_word' id='word_1_93' title='bbox 348 2165 399 2231; x_wconf 94' lang='lat' dir='ltr'>sic</span> <span class='ocrx_word' id='word_1_94' title='bbox 418 2163 574 2232; x_wconf 88' lang='lat' dir='ltr'>Victoris</span> <span class='ocrx_word' id='word_1_95' title='bbox 593 2165 688 2232; x_wconf 91' lang='lat' dir='ltr'>libro</span> <span class='ocrx_word' id='word_1_96' title='bbox 709 2165 831 2234; x_wconf 92' lang='lat' dir='ltr'>clades</span> <span class='ocrx_word' id='word_1_97' title='bbox 855 2167 894 2232; x_wconf 92' lang='lat' dir='ltr'>in</span> <span class='ocrx_word' id='word_1_98' title='bbox 918 2171 1081 2235; x_wconf 88' lang='lat' dir='ltr'>mentem</span> <span class='ocrx_word' id='word_1_99' title='bbox 1102 2189 1249 2237; x_wconf 86' lang='lat' dir='ltr'>revoca-</span> 
     </span>
     <span class='ocr_line' id='line_1_16' title="bbox 199 2292 1248 2382; baseline 0.005 -23"><span class='ocrx_word' id='word_1_100' title='bbox 199 2297 269 2359; x_wconf 89' lang='lat' dir='ltr'>tur.</span> <span class='ocrx_word' id='word_1_101' title='bbox 297 2292 381 2360; x_wconf 85' lang='lat' dir='ltr'>Non</span> <span class='ocrx_word' id='word_1_102' title='bbox 406 2293 510 2380; x_wconf 85' lang='lat' dir='ltr'>parvi</span> <span class='ocrx_word' id='word_1_103' title='bbox 538 2294 647 2382; x_wconf 89' lang='lat' dir='ltr'>igitur</span> <span class='ocrx_word' id='word_1_104' title='bbox 672 2296 852 2361; x_wconf 91' lang='lat' dir='ltr'>momenti</span> <span class='ocrx_word' id='word_1_105' title='bbox 880 2301 933 2362; x_wconf 92' lang='lat' dir='ltr'>est</span> <span class='ocrx_word' id='word_1_106' title='bbox 961 2294 1022 2362; x_wconf 91' lang='lat' dir='ltr'>ille</span> <span class='ocrx_word' id='word_1_107' title='bbox 1048 2295 1152 2380; x_wconf 91' lang='lat' dir='ltr'>liber,</span> <span class='ocrx_word' id='word_1_108' title='bbox 1184 2318 1248 2364; x_wconf 90' lang='lat' dir='ltr'>seu</span> 
     </span>
     <span class='ocr_line' id='line_1_17' title="bbox 197 2419 1249 2510; baseline 0.004 -24"><span class='ocrx_word' id='word_1_109' title='bbox 197 2441 321 2486; x_wconf 91' lang='lat' dir='ltr'>rerum</span> <span class='ocrx_word' id='word_1_110' title='bbox 341 2420 380 2484; x_wconf 90' lang='lat' dir='ltr'>in</span> <span class='ocrx_word' id='word_1_111' title='bbox 399 2419 531 2505; x_wconf 87' lang='lat' dir='ltr'>Africa,</span> <span class='ocrx_word' id='word_1_112' title='bbox 554 2422 684 2509; x_wconf 89' lang='lat' dir='ltr'>quinto</span> <span class='ocrx_word' id='word_1_113' title='bbox 709 2421 858 2503; x_wconf 87' lang='lat' dir='ltr'>saecu10,</span> <span class='ocrx_word' id='word_1_114' title='bbox 887 2428 1082 2510; x_wconf 89' lang='lat' dir='ltr'>gestarum,</span> <span class='ocrx_word' id='word_1_115' title='bbox 1111 2443 1175 2489; x_wconf 90' lang='lat' dir='ltr'>seu</span> <span class='ocrx_word' id='word_1_116' title='bbox 1199 2422 1249 2490; x_wconf 91' lang='lat' dir='ltr'>la-</span> 
     </span>
     <span class='ocr_line' id='line_1_18' title="bbox 195 2547 1245 2636; baseline 0.002 -22"><span class='ocrx_word' id='word_1_117' title='bbox 195 2548 315 2614; x_wconf 91' lang='lat' dir='ltr'>bentis</span> <span class='ocrx_word' id='word_1_118' title='bbox 335 2568 501 2613; x_wconf 74' lang='lat' dir='ltr'>romanae</span> <span class='ocrx_word' id='word_1_119' title='bbox 520 2547 655 2636; x_wconf 78' lang='lat' dir='ltr'>linguae</span> <span class='ocrx_word' id='word_1_120' title='bbox 675 2549 868 2616; x_wconf 87' lang='lat' dir='ltr'>historiam</span> <span class='ocrx_word' id='word_1_121' title='bbox 888 2549 1122 2616; x_wconf 87' lang='lat' dir='ltr'>considerare</span> <span class='ocrx_word' id='word_1_122' title='bbox 1143 2550 1245 2617; x_wconf 83' lang='lat' dir='ltr'>velis</span> 
     </span>
     <span class='ocr_line' id='line_1_19' title="bbox 194 2673 1248 2766; baseline 0.002 -24"><span class='ocrx_word' id='word_1_123' title='bbox 194 2675 322 2764; x_wconf 90' lang='lat' dir='ltr'>ltaque</span> <span class='ocrx_word' id='word_1_124' title='bbox 338 2673 382 2741; x_wconf 90' lang='lat' dir='ltr'>de</span> <span class='ocrx_word' id='word_1_125' title='bbox 398 2674 471 2741; x_wconf 88' lang='lat' dir='ltr'>fide</span> <span class='ocrx_word' id='word_1_126' title='bbox 486 2674 623 2742; x_wconf 91' lang='lat' dir='ltr'>Victori</span> <span class='ocrx_word' id='word_1_127' title='bbox 643 2675 866 2761; x_wconf 91' lang='lat' dir='ltr'>adhibenda,</span> <span class='ocrx_word' id='word_1_128' title='bbox 890 2676 1009 2766; x_wconf 89' lang='lat' dir='ltr'>deque</span> <span class='ocrx_word' id='word_1_129' title='bbox 1030 2678 1108 2765; x_wconf 73' lang='lat' dir='ltr'>eJus</span> <span class='ocrx_word' id='word_1_130' title='bbox 1126 2678 1248 2744; x_wconf 90' lang='lat' dir='ltr'>latini-</span> 
     </span>
     <span class='ocr_line' id='line_1_20' title="bbox 195 2801 1249 2893; baseline 0.004 -25"><span class='ocrx_word' id='word_1_131' title='bbox 195 2807 268 2869; x_wconf 90' lang='lat' dir='ltr'>tate</span> <span class='ocrx_word' id='word_1_132' title='bbox 284 2803 330 2869; x_wconf 93' lang='lat' dir='ltr'>ah</span> <span class='ocrx_word' id='word_1_133' title='bbox 346 2801 409 2868; x_wconf 94' lang='lat' dir='ltr'>illo</span> <span class='ocrx_word' id='word_1_134' title='bbox 426 2803 670 2870; x_wconf 89' lang='lat' dir='ltr'>ciceronianae</span> <span class='ocrx_word' id='word_1_135' title='bbox 697 2805 813 2873; x_wconf 88' lang='lat' dir='ltr'>aetatis</span> <span class='ocrx_word' id='word_1_136' title='bbox 838 2805 1034 2873; x_wconf 90' lang='lat' dir='ltr'>emendato</span> <span class='ocrx_word' id='word_1_137' title='bbox 1060 2810 1095 2872; x_wconf 92' lang='lat' dir='ltr'>et</span> <span class='ocrx_word' id='word_1_138' title='bbox 1118 2826 1249 2893; x_wconf 92' lang='lat' dir='ltr'>perpo-</span> 
     </span>
     <span class='ocr_line' id='line_1_21' title="bbox 195 2929 1245 3017; baseline 0.002 -20"><span class='ocrx_word' id='word_1_139' title='bbox 195 2930 260 2997; x_wconf 93' lang='lat' dir='ltr'>lito</span> <span class='ocrx_word' id='word_1_140' title='bbox 286 2950 456 2996; x_wconf 91' lang='lat' dir='ltr'>sermone</span> <span class='ocrx_word' id='word_1_141' title='bbox 483 2936 559 2997; x_wconf 91' lang='lat' dir='ltr'>tarn</span> <span class='ocrx_word' id='word_1_142' title='bbox 593 2929 736 2999; x_wconf 82' lang='lat' dir='ltr'>diversa</span> <span class='ocrx_word' id='word_1_143' title='bbox 771 2937 805 2998; x_wconf 93' lang='lat' dir='ltr'>et</span> <span class='ocrx_word' id='word_1_144' title='bbox 835 2932 874 2998; x_wconf 88' lang='lat' dir='ltr'>in</span> <span class='ocrx_word' id='word_1_145' title='bbox 903 2930 1063 2999; x_wconf 88' lang='lat' dir='ltr'>deterius</span> <span class='ocrx_word' id='word_1_146' title='bbox 1087 2932 1245 3017; x_wconf 91' lang='lat' dir='ltr'>labente,</span> 
     </span>
     <span class='ocr_line' id='line_1_22' title="bbox 195 3056 1248 3146; baseline 0 -22"><span class='ocrx_word' id='word_1_147' title='bbox 195 3062 376 3145; x_wconf 90' lang='lat' dir='ltr'>quantum</span> <span class='ocrx_word' id='word_1_148' title='bbox 399 3058 518 3124; x_wconf 90' lang='lat' dir='ltr'>inme</span> <span class='ocrx_word' id='word_1_149' title='bbox 544 3057 622 3142; x_wconf 88' lang='lat' dir='ltr'>fuit,</span> <span class='ocrx_word' id='word_1_150' title='bbox 651 3056 818 3124; x_wconf 83' lang='lat' dir='ltr'>disserui.</span> <span class='ocrx_word' id='word_1_151' title='bbox 846 3056 1029 3146; x_wconf 90' lang='lat' dir='ltr'>Equidem</span> <span class='ocrx_word' id='word_1_152' title='bbox 1049 3058 1165 3124; x_wconf 88' lang='lat' dir='ltr'>fateor</span> <span class='ocrx_word' id='word_1_153' title='bbox 1188 3079 1248 3125; x_wconf 94' lang='lat' dir='ltr'>me</span> 
     </span>
     <span class='ocr_line' id='line_1_23' title="bbox 195 3180 1247 3271; baseline 0.004 -25"><span class='ocrx_word' id='word_1_154' title='bbox 195 3181 233 3246; x_wconf 95' lang='lat' dir='ltr'>in</span> <span class='ocrx_word' id='word_1_155' title='bbox 253 3180 349 3247; x_wconf 91' lang='lat' dir='ltr'>hanc</span> <span class='ocrx_word' id='word_1_156' title='bbox 365 3181 640 3270; x_wconf 89' lang='lat' dir='ltr'>indagationem</span> <span class='ocrx_word' id='word_1_157' title='bbox 660 3182 903 3250; x_wconf 90' lang='lat' dir='ltr'>libentissime</span> <span class='ocrx_word' id='word_1_158' title='bbox 919 3183 1142 3266; x_wconf 79' lang='lat' dir='ltr'>incubuisse,</span> <span class='ocrx_word' id='word_1_159' title='bbox 1162 3184 1247 3271; x_wconf 90' lang='lat' dir='ltr'>quia</span> 
     </span>
     <span class='ocr_line' id='line_1_24' title="bbox 195 3307 1247 3397; baseline 0 -22"><span class='ocrx_word' id='word_1_160' title='bbox 195 3307 351 3375; x_wconf 90' lang='lat' dir='ltr'>Victoris</span> <span class='ocrx_word' id='word_1_161' title='bbox 366 3307 525 3375; x_wconf 89' lang='lat' dir='ltr'>Vitensis</span> <span class='ocrx_word' id='word_1_162' title='bbox 541 3309 762 3397; x_wconf 89' lang='lat' dir='ltr'>opusculum</span> <span class='ocrx_word' id='word_1_163' title='bbox 782 3307 882 3397; x_wconf 89' lang='lat' dir='ltr'>apud</span> <span class='ocrx_word' id='word_1_164' title='bbox 901 3313 1081 3376; x_wconf 89' lang='lat' dir='ltr'>nostrates</span> <span class='ocrx_word' id='word_1_165' title='bbox 1091 3309 1247 3395; x_wconf 82' lang='lat' dir='ltr'>juvenes</span> 
     </span>
     <span class='ocr_line' id='line_1_25' title="bbox 194 3434 1248 3523; baseline 0.004 -25"><span class='ocrx_word' id='word_1_166' title='bbox 194 3454 319 3500; x_wconf 90' lang='lat' dir='ltr'>rerum</span> <span class='ocrx_word' id='word_1_167' title='bbox 341 3434 542 3523; x_wconf 90' lang='lat' dir='ltr'>antiquitus</span> <span class='ocrx_word' id='word_1_168' title='bbox 562 3439 746 3522; x_wconf 91' lang='lat' dir='ltr'>gestarum</span> <span class='ocrx_word' id='word_1_169' title='bbox 766 3439 828 3501; x_wconf 91' lang='lat' dir='ltr'>aut</span> <span class='ocrx_word' id='word_1_170' title='bbox 847 3434 952 3501; x_wconf 89' lang='lat' dir='ltr'>latini</span> <span class='ocrx_word' id='word_1_171' title='bbox 972 3435 1154 3500; x_wconf 90' lang='lat' dir='ltr'>sermonis</span> <span class='ocrx_word' id='word_1_172' title='bbox 1175 3439 1248 3502; x_wconf 92' lang='lat' dir='ltr'>stu-</span> 
     </span>
     <span class='ocr_line' id='line_1_26' title="bbox 196 3561 1247 3652; baseline 0 -23"><span class='ocrx_word' id='word_1_173' title='bbox 196 3562 319 3630; x_wconf 92' lang='lat' dir='ltr'>diosos</span> <span class='ocrx_word' id='word_1_174' title='bbox 343 3563 453 3652; x_wconf 91' lang='lat' dir='ltr'>plane</span> <span class='ocrx_word' id='word_1_175' title='bbox 477 3564 644 3651; x_wconf 89' lang='lat' dir='ltr'>ignotum</span> <span class='ocrx_word' id='word_1_176' title='bbox 669 3568 747 3647; x_wconf 82' lang='lat' dir='ltr'>est3</span> <span class='ocrx_word' id='word_1_177' title='bbox 780 3561 880 3649; x_wconf 91' lang='lat' dir='ltr'>quod</span> <span class='ocrx_word' id='word_1_178' title='bbox 905 3567 1029 3628; x_wconf 89' lang='lat' dir='ltr'>tanren</span> <span class='ocrx_word' id='word_1_179' title='bbox 1056 3561 1247 3650; x_wconf 91' lang='lat' dir='ltr'>qnondam</span> 
     </span>
     <span class='ocr_line' id='line_1_27' title="bbox 195 3690 1247 3780; baseline 0.001 -23"><span class='ocrx_word' id='word_1_180' title='bbox 195 3709 328 3780; x_wconf 91' lang='lat' dir='ltr'>magno</span> <span class='ocrx_word' id='word_1_181' title='bbox 344 3691 382 3756; x_wconf 93' lang='lat' dir='ltr'>in</span> <span class='ocrx_word' id='word_1_182' title='bbox 398 3690 541 3758; x_wconf 91' lang='lat' dir='ltr'>honore</span> <span class='ocrx_word' id='word_1_183' title='bbox 556 3691 668 3758; x_wconf 87' lang='lat' dir='ltr'>fuisse</span> <span class='ocrx_word' id='word_1_184' title='bbox 684 3695 864 3758; x_wconf 90' lang='lat' dir='ltr'>testantur</span> <span class='ocrx_word' id='word_1_185' title='bbox 878 3691 964 3756; x_wconf 90' lang='lat' dir='ltr'>satis</span> <span class='ocrx_word' id='word_1_186' title='bbox 980 3690 1086 3757; x_wconf 87' lang='lat' dir='ltr'>nrulti</span> <span class='ocrx_word' id='word_1_187' title='bbox 1102 3691 1247 3758; x_wconf 89' lang='lat' dir='ltr'>codices</span> 
     </span>
     <span class='ocr_line' id='line_1_28' title="bbox 195 3817 1243 3907; baseline 0 -21"><span class='ocrx_word' id='word_1_188' title='bbox 195 3817 461 3907; x_wconf 91' lang='lat' dir='ltr'>editionesque,</span> <span class='ocrx_word' id='word_1_189' title='bbox 484 3818 530 3886; x_wconf 91' lang='lat' dir='ltr'>de</span> <span class='ocrx_word' id='word_1_190' title='bbox 555 3819 689 3906; x_wconf 91' lang='lat' dir='ltr'>quibus</span> <span class='ocrx_word' id='word_1_191' title='bbox 709 3818 770 3885; x_wconf 91' lang='lat' dir='ltr'>hic</span> <span class='ocrx_word' id='word_1_192' title='bbox 789 3839 907 3907; x_wconf 90' lang='lat' dir='ltr'>pauca</span> <span class='ocrx_word' id='word_1_193' title='bbox 934 3818 1056 3885; x_wconf 90' lang='lat' dir='ltr'>dicere</span> <span class='ocrx_word' id='word_1_194' title='bbox 1082 3818 1243 3886; x_wconf 91' lang='lat' dir='ltr'>interest.</span> 
     </span>
    </p>
   </div>
   <div class='ocr_carea' id='block_1_5' title="bbox 191 4105 1247 4332">
    <p class='ocr_par' dir='ltr' id='par_1_5' title="bbox 191 4105 1247 4332">
     <span class='ocr_line' id='line_1_29' title="bbox 237 4105 1247 4194; baseline 0 -20"><span class='ocrx_word' id='word_1_195' title='bbox 237 4106 400 4194; x_wconf 87' lang='lat' dir='ltr'>Septimo</span> <span class='ocrx_word' id='word_1_196' title='bbox 422 4105 565 4173; x_wconf 90' lang='lat' dir='ltr'>decimo</span> <span class='ocrx_word' id='word_1_197' title='bbox 586 4106 735 4190; x_wconf 85' lang='lat' dir='ltr'>saeculo,</span> <span class='ocrx_word' id='word_1_198' title='bbox 758 4107 931 4174; x_wconf 85' lang='lat' dir='ltr'>asservati</span> <span class='ocrx_word' id='word_1_199' title='bbox 952 4111 1037 4173; x_wconf 91' lang='lat' dir='ltr'>sunt</span> <span class='ocrx_word' id='word_1_200' title='bbox 1055 4106 1094 4173; x_wconf 94' lang='lat' dir='ltr'>in</span> <span class='ocrx_word' id='word_1_201' title='bbox 1114 4107 1247 4174; x_wconf 90' lang='lat' dir='ltr'>biblio-</span> 
     </span>
     <span class='ocr_line' id='line_1_30' title="bbox 191 4234 1245 4332; baseline 0.004 -31"><span class='ocrx_word' id='word_1_202' title='bbox 191 4236 298 4302; x_wconf 89' lang='lat' dir='ltr'>theca</span> <span class='ocrx_word' id='word_1_203' title='bbox 318 4234 520 4303; x_wconf 88' lang='lat' dir='ltr'>colbertina</span> <span class='ocrx_word' id='word_1_204' title='bbox 542 4240 613 4303; x_wconf 88' lang='lat' dir='ltr'>tres</span> <span class='ocrx_word' id='word_1_205' title='bbox 634 4235 780 4304; x_wconf 91' lang='lat' dir='ltr'>codices</span> <span class='ocrx_word' id='word_1_206' title='bbox 800 4235 1041 4325; x_wconf 88' lang='lat' dir='ltr'>manuscripti</span> <span class='ocrx_word' id='word_1_207' title='bbox 1066 4257 1159 4332; x_wconf 89' lang='lat' dir='ltr'>quos</span> <span class='ocrx_word' id='word_1_208' title='bbox 1184 4257 1245 4305; x_wconf 80' lang='lat' dir='ltr'>ex-</span> 
     </span>
    </p>
   </div>
   <div class='ocr_carea' id='block_1_6' title="bbox 0 0 1576 5084">
    <p class='ocr_par' dir='ltr' id='par_1_6' title="bbox 0 0 1576 5084">
     <span class='ocr_line' id='line_1_31' title="bbox 0 0 1576 5084; baseline 0 2"><span class='ocrx_word' id='word_1_209' title='bbox 0 0 1576 5084; x_wconf 95' lang='lat' dir='ltr'> </span> 
     </span>
    </p>
   </div>
  </div>
 </body>
</html>
