3142 5084
709 397 871 464 ..32-

267 628 270 634 ,
304 558 340 648 b)
355 559 517 629 Tertiam
533 577 602 650 pro
618 562 804 632 secunda:

297 685 458 749 Diaconos
474 687 528 767 (ΙΙ,
547 690 618 765 16);
635 689 869 753 subdiaconem
882 689 953 769 (111,
974 691 1038 767 30).
1055 725 1096 734 -
1115 689 1164 753 Cf.
1181 689 1315 754 Concil.

257 778 373 842 Carth.
387 780 432 844 IV
444 782 540 860 (398),
551 800 627 845 can.
638 784 677 844 17
690 783 899 866 :Episcopus
910 783 1142 865 indigentium
1154 801 1315 848 curam...

255 892 316 954 per
327 873 480 936 diacones
494 881 582 956 agat.
1163 897 1166 911 ¹

300 991 332 1082 c)
349 992 528 1077 Quartam
547 1017 616 1085 pro
633 995 796 1065 secunda
815 1020 822 1065 :

300 1119 378 1182 Vieu
392 1121 430 1198 (*)
445 1122 640 1186 Ammoniae
659 1124 697 1202 (Ι,
714 1125 788 1202 42);
807 1123 897 1187 vicus
911 1125 949 1200 (*)
965 1124 1020 1188 vel
1040 1124 1170 1207 oppida
1190 1124 1316 1190 circui-

255 1212 339 1275 bant
354 1214 424 1293 (ΙΙΙ,
441 1217 493 1292 48)
513 1239 520 1293 ;
538 1236 599 1298 per
621 1217 710 1280 uicus
731 1217 785 1296 (ΙΙ,
811 1220 861 1294 15)
878 1241 885 1295 3
909 1236 971 1299 per
990 1217 1146 1299 singulos
1163 1218 1262 1282 lectus
1277 1220 1316 1298 (*)

253 1306 292 1384 (Ι,
309 1307 371 1383 26).
383 1307 480 1371 -Cf.
494 1327 573 1391 quae
587 1310 749 1391 leguntur
764 1309 800 1372 in
815 1309 945 1373 Notitia
960 1311 1222 1392 provinciarum
1239 1335 1245 1374 ε
1264 1313 1315 1376 De

257 1398 336 1462 Giru
350 1401 503 1464 Marcelli
525 1403 678 1480 (Numid.
696 1406 748 1481 52)
763 1427 770 1482 3
791 1403 833 1467 de
852 1404 931 1477 Giru
945 1404 1064 1468 Tarasi
1085 1403 1198 1486 (ibid,
1215 1407 1313 1484 121);
1340 1399 1342 1404 ’

253 1493 295 1556 de
314 1494 393 1557 Giru
407 1496 596 1559 Montensis
614 1498 810 1575 (Mauritan.
834 1499 957 1562 Caesar.
974 1501 1007 1575 9)
1024 1522 1031 1577 ;
1054 1498 1096 1561 de
1118 1499 1204 1562 Foru
1225 1500 1313 1563 Tra-

248 1587 324 1670 jani
339 1589 448 1667 (Sard.
464 1593 507 1668 Ι).

320 1843 335 1929 5
360 1842 392 1910 3.
419 1883 463 1895 -
486 1865 533 1913 ors
557 1864 725 1914 courusrs
749 1865 1015 1917 voossuronun
1041 1865 1239 1915 oannnrnus

295 2053 457 2122 Mutatur
487 2076 636 2144 quoque
665 2056 933 2124 vocabulorum
959 2073 1085 2145 genus.
1116 2054 1229 2142 Cujus
1256 2054 1310 2123 rei

250 2189 336 2252 sunt
355 2185 441 2252 satis
461 2185 576 2252 multa
597 2185 764 2274 exempla
785 2184 894 2275 digna
914 2206 998 2274 quae
1018 2190 1203 2252 notentur.

295 2309 481 2397 Imprimis
501 2310 873 2379 animadvertendum
896 2316 949 2379 est
969 2310 1146 2378 neutralis
1165 2310 1311 2400 generis

251 2436 432 2503 vocabula
459 2442 499 2504 ut
524 2438 729 2505 masculina
756 2458 776 2504 a
802 2437 949 2505 Victore
978 2435 1143 2504 adhibita
1168 2436 1307 2521 fuisse;

249 2583 337 2631 nam
359 2563 461 2632 nulla
480 2585 519 2632 re
540 2565 656 2653 magis
674 2563 949 2633 demonstratur
968 2571 1149 2654 qnantum
1171 2563 1309 2654 plebeii

249 2692 431 2758 sermonis
446 2691 707 2759 consuetudini
727 2691 932 2760 indulserit.
955 2692 1093 2781 Vulgus
1114 2691 1214 2759 enim
1229 2711 1310 2759 non

248 2814 407 2903 amplius
422 2836 535 2904 quam
551 2814 625 2883 duo
638 2815 905 2884 vocabulorum
919 2834 1052 2905 genera
1069 2814 1280 2884 considerat
1298 2837 1305 2883 :

248 2943 495 3010 masculinum
510 2948 544 3010 et
559 2943 793 3011 femininum.
811 2941 955 3011 Exculti
975 2947 1119 3011 tantum
1134 2943 1309 3010 homines

248 3067 338 3157 quid
354 3068 399 3136 sit
414 3073 600 3155 neutrum,
618 3068 709 3157 quid
724 3090 812 3154 non,
827 3069 919 3137 scire
932 3075 966 3136 et
978 3067 1208 3157 perpendere
1222 3089 1308 3157 pos-

246 3197 342 3262 sunt.
370 3193 460 3262 Inde
486 3195 607 3263 evenit
633 3200 684 3280 ut,
713 3201 956 3264 evanescente
980 3196 1090 3263 bonae
1114 3193 1307 3263 latinitatis

245 3342 368 3407 sensu,
385 3322 565 3422 paulatim
580 3323 746 3390 neutrale
761 3341 876 3411 genus
892 3323 1068 3406 interiret,
1083 3343 1205 3410 neque
1220 3341 1307 3410 pos-

245 3452 303 3515 tea
317 3447 357 3514 in
372 3447 570 3514 romanicis
586 3446 719 3535 linguis
731 3467 877 3513 rursum
890 3444 1188 3536 distingueretur.
1206 3445 1306 3513 lam·
1397 3491 1399 3495 -

243 3570 401 3660 pridem,
422 3570 481 3639 vel
501 3570 619 3638 Plauti
640 3571 882 3658 temporibus,
901 3569 1001 3659 apud
1020 3570 1211 3639 Romanos
1225 3570 1306 3638 vul-

243 3697 319 3785 gari
340 3696 488 3785 eloquio
508 3718 607 3780 usos,
630 3718 712 3764 mos
733 3702 810 3764 erat
828 3696 1078 3764 masculinum
1099 3714 1215 3785 genus
1233 3715 1304 3784 pro

244 3821 401 3890 neutrali
430 3819 594 3910 ponendi
612 3819 681 3912 (1);
715 3822 828 3911 quod,
859 3843 944 3890 cum
970 3842 1116 3911 semper
1143 3820 1303 3911 viguisse

242 4158 249 4204 l
275 4081 308 4144 (Ι)
324 4081 465 4204 Ι’.1ΑρρεΙΙ.
481 4098 486 4130 :
503 4081 538 4131 De
550 4095 639 4144 uenere
654 4085 745 4133 neutro
756 4082 897 4133 intereunte
915 4082 942 4133 in
955 4083 1041 4146 linque
1056 4081 1145 4142 letina,
1163 4095 1192 4144 p.
1210 4079 1241 4130 79
1252 4078 1303 4144 (Er-

251 4171 340 4220 angen,
371 4160 440 4218 883).

245 4249 414 4258 -σ--ι

277 4290 305 4361 (’)
329 4291 386 4345 Vico
401 4292 460 4342 llss.
474 4296 563 4356 preter
577 4294 603 4342 W
620 4309 625 4342 :
641 4293 693 4344 vieo
706 4291 763 4356 ,υἱοί
777 4294 822 4345 Ru.
838 4318 868 4328 —
882 4291 1066 4353 recinentes,
1080 4291 1154 4343 lectos
1167 4291 1217 4341 Ru.
1232 4289 1265 4341 ll.
