3142 5084
701 377 881 441 -114-

304 548 342 638 dl
361 547 565 637 Aliquoties
599 549 787 637 genetivus
813 548 912 617 vices
936 547 1086 616 ablativi
1113 567 1199 615 cum
1219 569 1318 635 prae-

259 674 443 760 positione
463 676 535 762 agit
557 697 563 741 :

299 797 467 861 Catholici
483 797 656 879 dogmatis
667 804 895 865 monumenta
911 796 1073 860 dictarum
1084 795 1318 860 :dictorum

259 889 298 951 de
320 890 472 972 dogmate
488 891 661 954 catholico
677 890 782 966 (Ptol.
799 892 841 967 2).
868 889 1113 972 Disputatione
1127 888 1206 970 fidei
1218 915 1261 943 --
1277 889 1319 951 de

256 981 322 1063 fide
336 984 390 1060 (ΙΙ,
406 985 469 1060 41).
488 985 537 1049 Cf.
556 983 831 1066 disputationem
849 983 929 1065 lepis
952 983 1007 1061 (ΙΙ,
1027 984 1091 1059 42).
1118 982 1222 1046 Liber
1235 982 1320 1064 fidei

257 1077 437 1140 catholicae
453 1077 600 1156 (titulus,
620 1078 661 1154 ΙΙ)
674 1105 714 1132 --
729 1078 768 1139 de
784 1076 849 1158 fide
866 1076 1050 1139 catholica.

301 1194 333 1283 e)
357 1197 527 1286 Denique
549 1204 601 1265 est
622 1198 810 1286 genetivus
831 1198 924 1264 mire
946 1197 1100 1285 positus,
1124 1195 1163 1263 id
1184 1201 1237 1263 est
1258 1215 1320 1284 ge-

257 1324 401 1390 netivus
416 1325 583 1412 gerundii
599 1347 667 1413 pro
680 1325 875 1408 infinitivo,
891 1346 1003 1412 quem
1019 1324 1144 1392 nescio
1161 1344 1209 1391 an
1224 1323 1317 1390 alibi

256 1470 369 1536 quam
384 1451 422 1516 in
441 1451 598 1519 Victoris
613 1450 708 1518 libro
729 1452 946 1519 inventurus
966 1451 1015 1517 sis
1034 1475 1041 1519 :

296 1575 475 1638 Secedendi
491 1576 536 1638 ad
558 1577 743 1638 naturalem
768 1576 925 1639 officium
949 1576 1046 1639 nulla
1067 1576 1155 1639 ratio
1177 1576 1317 1640 sinebat

254 1666 321 1730 loci
344 1668 397 1745 (ΙΙ,
420 1669 483 1743 32).
510 1667 613 1744 Quod
637 1668 686 1729 eis
712 1685 775 1729 nec
799 1666 949 1729 donandi
977 1685 1040 1728 nec
1072 1666 1213 1728 testandi
1243 1673 1310 1733 aut

252 1761 404 1915 cplpiepdi
430 1762 483 1824 vel
512 1762 556 1824 ab
587 1761 665 1824 aliis
695 1760 901 1823 derelictum
937 1759 1076 1842 penitus
1111 1760 1311 1843 subjaceret

253 1858 264 1928 l
316 1903 324 1932 ,
359 1865 381 1929 l·

567 1996 630 2064 IV⁰
653 1997 705 2063 De
727 1996 819 2066 Casu
840 1995 998 2064 ablatiuo

298 2158 335 2246 a)
359 2158 526 2225 Liberius
559 2159 718 2225 ablativo
749 2159 862 2224 utitur
895 2159 1031 2242 Victor,
1065 2163 1100 2225 et
1131 2177 1245 2246 quam
1273 2164 1317 2226 ut

254 2287 332 2373 ejus
352 2285 517 2373 ponendi
549 2287 743 2380 rationem,
772 2285 996 2374 quibusdam
1016 2287 1060 2368 ,in
1083 2286 1174 2354 locis
1194 2286 1315 2374 expli-

254 2432 336 2479 care
356 2413 509 2500 possim.

298 2539 426 2607 Citabo
445 2540 609 2628 primum
629 2541 831 2607 ablativum
851 2540 919 2607 loci
945 2541 1024 2607 sine
1044 2537 1312 2628 praepositione

253 2666 289 2732 in
306 2667 369 2754 qui
385 2688 460 2732 non
477 2667 695 2733 insolentior
710 2672 774 2749 est,
789 2671 823 2733 et
843 2667 1019 2733 usitatum
1035 2663 1135 2752 apud
1146 2665 1313 2732 comicos

253 2792 430 2880 loquendi
450 2814 594 2859 morem
614 2798 777 2859 renovat.
801 2792 900 2859 Dixit
920 2793 1021 2859 enim
1036 2791 1213 2859 Plautus:

293 2919 361 2996 Qui
377 2919 457 2981 estis
472 2919 523 2980 bis
545 2918 731 3001 regionibus
745 2918 847 2992 (Rud.
869 2921 953 2995 355).
983 2918 1076 2981 Locis
1098 2915 1221 2980 incolit
1232 2917 1306 2999 pis-

253 3013 390 3076 culentis
411 3011 512 3090 (Rud.
532 3015 615 3088 571),
646 3012 806 3074 Omnibus
833 3012 964 3074 latebris
978 3011 1172 3094 perreptavi
1197 3011 1307 3088 (Rud.

255 3109 324 3183 151)
341 3133 381 3160 z
396 3126 456 3187 per
471 3125 593 3168 omnes
604 3106 764 3167 latebras,

298 3225 382 3294 Non
402 3225 507 3292 aliter
522 3246 620 3312 saepe
640 3223 764 3290 Victor
780 3230 833 3290 est
852 3224 997 3291 locutus
1020 3246 1026 3290 :

293 3350 379 3426 Quae
399 3349 587 3430 prouinciis,
609 3348 686 3409 locis
702 3353 761 3409 aut
776 3347 962 3429 regionibus
982 3347 1174 3410 evenissent
1201 3348 1310 3424 (Prol.

254 3442 291 3518 Ι).
310 3442 443 3524 Pulpito
459 3441 585 3503 sistens
598 3440 637 3519 (1,
652 3443 715 3516 411).
735 3440 885 3501 Animali
900 3438 1016 3501 sedere
1032 3438 1086 3517 (ΙΙ,
1103 3441 1167 3514 27).
1181 3438 1312 3520 Legen-

253 3533 338 3595 dum
353 3533 468 3596 media
486 3533 621 3595 ecclesia
637 3532 693 3610 (ΙΙ,
711 3534 774 3608 38).
803 3530 871 3608 Qui
888 3531 956 3591 suis
966 3530 1104 3612 palatiis
1118 3529 1312 3593 militarent

252 3626 322 3705 (ΙΙΙ,
349 3628 393 3702 9).
423 3625 594 3688 Ecclesias
622 3624 906 3707 quibuscumque
936 3623 1027 3684 terris
1054 3628 1086 3685 et
1119 3622 1311 3706 regionibus

253 3719 458 3782 constitutas
480 3718 549 3795 (III,
570 3720 631 3795 14).
649 3717 773 3780 Mediis
795 3717 987 3778 stercoribus
1007 3717 1209 3780 volutamus
1233 3716 1306 3796 (ΙΙΙ,

254 3810 314 3884 16).
332 3806 476 3870 Celsiori
500 3806 568 3868 loco
583 3807 776 3868 consistunt
797 3806 866 3882 (ΙΙΙ,
890 3809 952 3883 22).
973 3806 1087 3869 Media
1104 3807 1181 3869 urbe
1200 3805 1310 3870 caede·

252 3907 371 3963 rentur
386 3899 453 3976 (111,
471 3900 534 3975 34).
552 3900 600 3962 Cl.
618 3900 747 3962 Arnob.
769 3923 774 3961 :
794 3899 1017 3981 AEsculapius
1031 3900 1213 3982 Epidauro,
1245 3900 1308 3963 bo·

252 3993 307 4054 nis
323 3993 409 4055 deus
421 3991 633 4054 valetudinis
648 3991 839 4073 praesidens
853 3991 940 4070 (VII,
956 3992 1019 4068 44).

298 4112 333 4201 b)
348 4109 456 4200 Apud
472 4111 608 4177 multos
622 4110 753 4178 Africae
768 4112 962 4199 scriptores
972 4109 1023 4199 (1)
1034 4133 1116 4178 mos
1129 4112 1197 4179 fuit
1207 4111 1310 4181 abla-
1408 4155 1431 4169 ,-

284 4327 316 4390 (l)
335 4328 363 4375 li.
377 4326 440 4375 Sitti.
458 4327 494 4388 (p.
512 4323 579 4388 130).
