3142 5084
712 451 873 515 „55-

350 755 363 828 g
386 754 437 813 [V.
458 787 492 798 —
512 757 762 815 Conseruntur
787 769 867 816 cum
889 757 1055 817 victoris
1075 758 1231 830 scriptis

301 854 447 925 scripta
466 855 624 912 aliorum
643 855 705 925 qur
725 857 769 912 de
789 856 1042 915 Vandalorum
1057 856 1281 915 crudelitate

672 953 785 1011 locuti
806 956 904 1011 sunt.

311 1171 471 1256 Quidam
492 1173 642 1243 illorum
662 1126 725 1261 qui
752 1173 892 1240 illatam
912 1174 951 1239 in
969 1173 1089 1241 Africa
1110 1173 1317 1241 christianis

264 1299 560 1388 persecutionem
576 1300 713 1366 cursim
728 1300 935 1388 attigerunt,
952 1300 1109 1369 Victoris
1124 1301 1317 1368 auctorita-

263 1431 339 1495 tem
363 1431 426 1494 aut
450 1425 599 1494 difficile
622 1427 709 1495 fassi
738 1431 835 1512 sunt,
865 1432 927 1495 aut
951 1436 1200 1517 negaverunt3
1222 1432 1318 1503 inter

265 1576 358 1643 quos
382 1555 526 1623 Marcus
553 1555 616 1645 (1),
652 1557 757 1644 quasi
785 1553 1038 1624 Vandalorum
1069 1559 1317 1646 patrocinium

264 1680 494 1768 suscepisset,
513 1680 609 1748 male
625 1679 670 1748 de
686 1680 749 1747 illo
765 1686 819 1748 est
834 1682 1006 1769 opinatus
1024 1704 1031 1766 ;
1050 1681 1111 1749 alii
1130 1683 1316 1752 Victorem

263 1807 424 1874 oratorio
444 1827 548 1874 more
572 1806 750 1890 locutum,
780 1812 890 1895 atque
917 1812 1043 1895 utpote
1070 1809 1234 1877 nobilem
1259 1831 1317 1876 ro-

263 1955 416 2001 manum
449 1935 588 2011 virum,
616 1935 870 2002 Romanorum
895 1937 1117 2004 acerrimum
1148 1937 1316 2005 laudato-

261 2081 353 2145 rem,
375 2082 452 2128 non
472 2063 625 2129 omnino
642 2063 827 2130 sincerum
842 2062 1004 2131 habuere
1020 2063 1081 2153 (2).
1101 2064 1172 2132 Sed
1187 2066 1315 2153 paucis

260 2188 321 2256 hic
338 2188 496 2256 referam
521 2210 563 2256 ea
588 2210 671 2278 quae
700 2188 843 2257 Marcus
867 2184 1015 2258 Victori
1030 2193 1196 2260 convicia
1225 2193 1315 2281 inje-

261 2317 319 2383 cit.
342 2315 438 2383 Eum
459 2338 593 2405 nempe
608 2316 860 2386 Vandalorum
876 2319 1182 2387 calumniatorem
1198 2321 1314 2408 arguit

260 2439 361 2528 quod
382 2441 555 2508 miseram
575 2442 885 2532 Hipporegiorum
909 2444 1143 2512 obsidionem
1167 2447 1206 2511 in
1234 2467 1313 2513 ma-

254 2568 316 2655 jus
348 2566 528 2652 extulerit,
560 2573 595 2635 et
625 2567 863 2637 Gensericum
890 2570 1065 2639 adversus
1094 2567 1313 2639 christianos
1412 2607 1415 2612 ·

259 2692 408 2759 nonnisi
428 2691 603 2760 violentia
623 2714 732 2760 usum
753 2693 883 2761 dixerit
906 2717 913 2779 3
936 2695 1111 2783 quodque
1131 2696 1170 2762 in
1186 2695 1313 2783 depin-

260 2817 388 2906 gendis
412 2817 584 2886 Afrorum
602 2798 857 2887 incommodis
883 2823 999 2910 magis
1028 2822 1312 2890 christianorum

259 2946 386 3010 contra
406 2941 562 3010 Arianos
582 2942 669 3010 odio
690 2965 803 3033 quam
819 2946 962 3012 veritati
977 2968 1121 3013 morem
1136 2949 1284 3035 gesserit
1302 2971 1310 3034 ;

259 3068 361 3158 quod
381 3069 542 3157 denique
563 3069 684 3137 studio
706 3076 740 3138 et
759 3072 812 3138 ira
828 3076 863 3138 et
877 3072 1123 3140 immoderato
1139 3095 1214 3142 suae
1230 3074 1311 3141 reli-

258 3197 375 3286 gionis
395 3218 522 3264 amore
543 3197 685 3281 ductus,
705 3198 889 3286 quaedam,
913 3205 948 3266 et
966 3200 1149 3287 imprimis
1169 3202 1311 3268 cartha-

258 3323 461 3412 giniensem
472 3322 720 3407 collationem,
735 3346 812 3390 non
823 3330 862 3392 ut
878 3326 1060 3413 ingenuus
1072 3326 1309 3393 historiarum

258 3449 425 3537 scriptor,
449 3448 514 3516 sed
534 3448 634 3516 haud
654 3471 759 3516 secus
779 3456 890 3538 atque
909 3452 1114 3518 amicorum
1135 3457 1170 3518 et
1189 3453 1308 3519 socio-

257 3596 341 3642 rum
359 3581 537 3663 patronus
554 3576 778 3642 enarraverit
792 3575 852 3665 (3).

302 3701 421 3770 Credo
448 3708 571 3769 autern
600 3722 665 3791 ego
693 3707 755 3770 aut
782 3705 897 3771 cuivis
917 3705 1066 3772 illorum
1087 3707 1150 3795 qui
1171 3706 1308 3775 Barba-

256 3848 383 3895 rorum
402 3828 632 3914 temporibus
658 3829 882 3917 scripserunt
901 3829 1014 3897 fidem
1038 3831 1304 3919 denegandam,

256 3958 336 4037 aut,
370 3953 400 4021 si
429 3954 488 4020 cui
515 3953 751 4039 adhibeatur,
778 3954 916 4023 Victori
943 3956 1193 4025 adhibendam
1214 3979 1304 4026 esse.

285 4208 318 4271 (Ι)
336 4210 437 4270 Marcus
451 4209 560 4260 Histoire
573 4211 614 4260 des
629 4211 747 4264 Voadolcs
759 4211 824 4276 (cap.
843 4216 883 4274 ΙΙΙ,
900 4219 924 4264 ot
935 4215 1044 4280 passim),
1059 4216 1131 4266 1835.

286 4286 317 4346 (h
335 4287 462 4345 Rdvihout,
480 4287 513 4335 Ite
528 4287 692 4337 tlh-ionium
707 4289 749 4337 tica
760 4289 862 4353 periples
881 4293 1056 4358 permoniques
1071 4293 1162 4359 (1850).

284 4361 317 4424 (1)
333 4361 426 4410 Marcus
439 4364 520 4428 (opere
537 4361 615 4427 itata),
630 4378 657 4427 p.
676 4363 730 4427 146,
744 4363 798 4426 241,
813 4365 871 4416 322.
