3142 5084
662 952 814 1021 CAPUT
837 951 883 1019 ΙΙΙ

424 1169 493 1219 0⁰AE
509 1168 538 1211 ΙΝ
556 1167 698 1213 vtoroms
714 1166 860 1211 ΗΙθΤΟΗΙΑ
878 1164 1116 1210 utstotnturun

290 1403 523 1472 Asseveranti
551 1405 644 1472 mihi
676 1404 833 1473 Victoris
864 1405 1119 1473 auctoritatem
1150 1424 1227 1472 non
1260 1405 1300 1473 in

246 1533 372 1600 animo
386 1538 440 1601 est
458 1554 543 1600 eum
559 1532 608 1599 ita
624 1531 787 1618 laudare,
809 1538 850 1600 ut
866 1553 920 1618 ea,
939 1553 1023 1621 quae
1038 1532 1077 1599 in
1093 1532 1171 1620 ejus
1187 1552 1299 1622 opere

246 1659 512 1746 desiderantur,
548 1660 709 1728 tenebris
742 1659 890 1727 obvolvi
924 1660 1084 1748 cupiam.
1114 1657 1299 1748 Equidem

245 1789 362 1856 multa
392 1793 477 1856 sunt
504 1809 587 1877 quae
615 1789 647 1855 ei
678 1788 766 1856 vitio
799 1786 877 1854 dari
904 1793 1070 1875 possunt.
1101 1786 1184 1872 Sed,
1213 1791 1300 1856 ante

245 1916 382 2000 omnia,
406 1913 649 2003 quaerendum
670 1919 723 1981 est
752 1919 876 1981 utrum
902 1913 1060 1983 libellum
1086 1914 1125 1980 in
1150 1912 1299 1982 Vanda-

244 2041 366 2108 Iorum
386 2040 661 2125 contumeliam,
685 2060 866 2129 anquam
887 2038 1003 2108 Graeci
1027 2045 1162 2109 vocant
1181 2048 1298 2138 aarum

245 2169 404 2236 scribere
423 2169 591 2237 voluerit.

289 2294 380 2362 Sunt
400 2297 463 2384 qui
483 2294 608 2363 dicant
631 2293 818 2363 Victorem
845 2293 932 2362 odio
962 2295 1084 2363 solum
1111 2299 1145 2362 et
1169 2295 1223 2363 ira
1249 2294 1300 2362 ad

243 2421 480 2490 scribendum
488 2420 857 2511 impulsum(1)‚nihil
866 2420 978 2506 aliud,
988 2423 1027 2488 in
1035 2421 1297 2507 librosuo‚sibi

242 2549 479 2636 proposuisse
495 2569 607 2637 quam
623 2549 786 2616 infamiae
802 2553 929 2616 notam
944 2547 1120 2617 Vandalis
1134 2549 1294 2617 inurere.

243 2675 323 2743 Hoc
349 2674 502 2764 quidem
531 2676 650 2743 facere
675 2675 855 2764 potuisset
881 2675 1037 2763 scriptor
1065 2677 1129 2765 qui
1161 2676 1297 2744 mentis

242 2802 412 2871 acumine
429 2808 463 2871 et
478 2803 708 2891 cogitationis
723 2804 758 2870 vi
779 2801 968 2892 praeditus
997 2803 1042 2871 de
1062 2804 1195 2893 ignotis
1214 2825 1296 2893 per-

242 2929 342 2995 sonis
362 2929 458 2996 male
477 2929 580 3017 loqui
601 2935 636 2997 et
654 2935 822 3018 posteros
844 2928 1014 3017 decipere
1029 2929 1217 2997 voluisset.
1235 2929 1292 3016 At,

241 3072 327 3118 cum
348 3051 447 3140 apud
472 3053 632 3142 aequales
652 3076 813 3143 quorum
833 3054 939 3121 multi
956 3053 1087 3122 eadem
1112 3076 1195 3144 quae
1215 3055 1295 3144 ipse

240 3179 338 3267 passi
359 3185 473 3264 erant,
490 3179 626 3264 Victor,
648 3185 689 3247 ut
708 3180 809 3247 testis
829 3179 1008 3264 oculatim,
1031 3180 1126 3247 iacta
1149 3199 1295 3247 enarra·

240 3310 305 3390 ret,
324 3308 472 3374 mentiri
488 3308 666 3396 nequibat
683 3329 691 3392 3
712 3307 806 3374 iacta
822 3307 922 3374 enim
937 3328 1004 3395 per
1019 3328 1057 3374 se
1072 3306 1153 3395 ipsa
1168 3306 1295 3395 loque-

239 3431 384 3500 bantur.
398 3433 498 3518 Haec,
511 3434 639 3518 fateor,
650 3433 841 3501 rhetorum
854 3431 968 3500 modo
984 3454 1082 3521 saepe
1098 3432 1296 3501 adumbra-

239 3560 301 3642 vit,
325 3561 536 3648 quasivero
556 3561 698 3649 majora
717 3561 893 3629 voluisset
911 3559 1039 3628 videri.
1062 3560 1147 3630 Non
1168 3565 1294 3653 tamen

239 3683 326 3752 inde
353 3685 601 3774 colligendum
628 3693 682 3755 est
707 3688 740 3754 ei
769 3687 882 3755 fidem
909 3709 987 3756 esse
1015 3686 1291 3777 denegandam;

240 3814 338 3902 quia,
357 3819 397 3881 ut
411 3814 543 3882 melius
559 3815 652 3883 infra
663 3814 883 3901 videbimus,
897 3814 1082 3901 Afrorum,
1101 3838 1165 3885 seu
1180 3817 1294 3886 histo-

239 3943 413 4026 ricorum,
429 3964 493 4010 seu
509 3943 829 4032 philosophorum,
847 3966 929 4012 mos
941 3949 1018 4011 erat
1032 3965 1102 4030 res,
1119 3946 1294 4014 elocutio·

239 4066 296 4132 nis
320 4066 456 4156 figuris,
478 4068 517 4135 in
537 4070 657 4157 majus
677 4069 887 4140 extollendi.

270 4326 303 4393 (1)
323 4328 350 4376 V.
367 4341 449 4389 supra,
467 4342 524 4392 pag.
543 4327 585 4378 55.
