3142 5084
762 397 921 458 „224

315 568 347 637 ei
379 567 633 634 Romanorum
660 567 825 634 favorem
855 565 1113 650 conciliarent,
1145 566 1214 634 sibi
1244 572 1368 634 autem

313 699 484 784 parerent
504 692 645 777 odium,
667 691 820 762 insidias
840 692 1015 780 episcopo
1035 692 1236 760 machinati
1256 697 1340 760 sunt
1359 715 1366 779 ;

313 819 446 889 frustra
466 820 630 910 quidem,
653 841 740 888 nam
754 821 866 909 paulo
883 824 967 909 post
987 821 1033 888 ab
1047 842 1176 888 eorum
1196 821 1368 888 manibus

315 949 472 1017 naturali
492 953 612 1016 morte
632 948 789 1018 evolavit
808 948 871 1038 (1).

358 1075 412 1143 Eo
432 1081 612 1164 tempore,
636 1077 740 1165 quasi
761 1077 807 1145 ab
828 1077 969 1166 integro
990 1082 1209 1146 renovatum
1229 1083 1282 1145 est
1302 1076 1368 1145 ad-

313 1222 442 1272 versus
457 1201 676 1271 christianos
689 1203 829 1270 bellum
843 1225 851 1288 3
874 1203 1034 1271 edictum
1050 1203 1118 1270 fuit
1133 1224 1153 1270 a
1171 1201 1368 1272 Genserico

316 1334 356 1396 ut
388 1329 427 1395 in
455 1329 710 1418 proconsulari
740 1335 775 1398 et
802 1330 992 1419 zeugitana
1020 1331 1211 1419 provincia
1245 1331 1368 1398 nullus

317 1455 511 1543 episcopus
527 1456 565 1522 in
576 1454 701 1522 locum
716 1456 852 1522 mortui
864 1453 1087 1522 succederet.
1101 1454 1203 1522 Tunc
1219 1474 1369 1544 quoque

316 1585 422 1653 multi
436 1584 604 1654 crudeles
617 1606 748 1674 poenas
761 1586 859 1674 passi
868 1590 964 1669 sunt,
974 1585 1155 1674 multique
1164 1584 1369 1673 apudMau-

316 1733 377 1779 ros
400 1711 548 1801 relegati
569 1712 633 1800 qui
658 1712 830 1779 dominos
851 1732 936 1778 suos
961 1710 1147 1778 idolorum
1168 1710 1282 1778 cultui
1303 1710 1368 1779 ad-

315 1835 445 1921 dictos,
467 1837 506 1903 in
525 1835 638 1905 fidem
663 1837 902 1904 christianam
924 1841 1200 1925 pertraxerunt3
1227 1835 1368 1925 dequo

317 1961 450 2029 certior
467 1959 584 2027 factus
605 1981 625 2026 a
650 1959 775 2048 regulo
802 1959 1017 2027 Maurorum
1040 1958 1228 2027 Vandalus
1253 1961 1369 2049 magis

317 2103 429 2174 quam
449 2089 556 2152 antea
575 2085 614 2151 in
630 2084 849 2152 christianos
865 2085 1009 2168 exarsit,
1031 2085 1236 2173 praesertim
1251 2086 1290 2151 in
1307 2107 1369 2153 eos

317 2212 381 2300 qui
401 2213 439 2279 in
459 2212 543 2280 aula
563 2213 768 2280 ministerio
784 2213 909 2301 aliquo
928 2213 1195 2301 fungebantur3
1220 2214 1259 2280 in
1280 2235 1369 2302 quo-

316 2360 399 2407 rum
419 2359 575 2435 numero
593 2345 669 2407 erat
684 2339 843 2407 Maxima
859 2338 1032 2428 quaedam
1047 2340 1147 2428 virgo
1169 2361 1265 2428 quae,
1284 2361 1369 2407 cum

317 2487 399 2536 eam
425 2465 642 2536 Gensericus
661 2469 829 2556 jussisset
856 2466 1005 2535 cuidam
1034 2467 1254 2535 Martiniano
1279 2489 1368 2535 con-

316 2594 431 2662 nubio
446 2595 564 2683 jungi,
586 2615 715 2682 parere
735 2595 828 2683 regis
845 2594 1025 2661 voluntati
1047 2594 1175 2661 noluit.
1198 2594 1282 2663 Non
1302 2597 1369 2662 mi-

316 2741 446 2789 norem
473 2721 587 2787 animi
608 2722 852 2788 constantiam
871 2721 1110 2808 praebuerunt
1135 2719 1368 2809 Armogastes

315 2846 698 2936 proconsul‚Mascula
719 2847 971 2929 archimimer
984 2850 1019 2913 ct
1039 2846 1190 2914 Saturus
1210 2850 1274 2936 qui
1294 2847 1368 2937 dig-

316 2977 448 3043 nitates
474 2995 494 3041 a
521 2993 603 3062 rege
623 2975 823 3063 promissas
843 2974 965 3061 poenis
984 2995 1051 3062 pro
1072 2974 1145 3042 fide
1167 2975 1368 3043 tolerandis

315 3103 539 3191 posthabuit.

360 3230 406 3297 Ut
424 3231 474 3297 ita
494 3252 532 3298 se
552 3236 691 3319 gereret
712 3228 929 3298 Gensericus
949 3231 1208 3319 impellebatur
1228 3254 1248 3300 a
1268 3255 1367 3322 pres-

313 3358 449 3444 byteris
465 3343 600 3425 arianis
616 3357 848 3446 sperantibus
862 3378 912 3442 se,
931 3358 960 3424 si
977 3358 1196 3426 christianos
1212 3383 1367 3430 munere

315 3470 439 3559 aliquo
463 3472 654 3560 iungentes
679 3493 699 3538 a
723 3471 860 3559 palatio
886 3473 1169 3554 submovissent,
1199 3476 1366 3543 animum

314 3597 492 3684 principis
516 3603 771 3684 occupaturos
799 3602 833 3664 et
858 3597 995 3679 omnia,
1019 3597 1168 3665 nemine
1193 3598 1367 3687 deinceps

315 3723 495 3805 obstante,
518 3720 565 3788 ad
584 3721 862 3810 propagandam
881 3722 1104 3789 Arianorum
1129 3722 1242 3791 fidem
1260 3725 1367 3794 facile

314 3850 475 3918 facturos
494 3848 556 3939 (2).

346 4133 379 4195 (1)
398 4135 453 4182 llaec
465 4133 577 4197 ingenuis
589 4133 669 4181 verbis
684 4149 729 4182 nec
741 4134 818 4197 gratia
831 4135 968 4182 carentibus
982 4140 1099 4184 memorat
1111 4137 1192 4186 Victor
1206 4155 1211 4186 :
1224 4139 1368 4187 «Dominus

314 4225 435 4273 passerem
450 4225 521 4258 suum
534 4212 563 4257 de
576 4211 689 4258 manibus
705 4211 847 4272 accipitrum
865 4211 940 4258 voluit
956 4212 1058 4260 liberare
1075 4229 1085 4260 t)
1106 4212 1134 4277 (l,
1153 4213 1206 4277 ΞΠ).

346 4283 377 4344 (2)
394 4284 452 4333 Vict.
470 4284 530 4342 vit,
549 4282 667 4345 {stt-51,
