3142 5084
660 426 819 491 ,43-

210 598 282 666 hoc
300 598 410 666 fiebat
431 619 507 666 non
526 598 634 686 longe
654 595 902 664 aMaurorum
918 601 952 664 et
973 597 1106 666 deserti
1125 599 1262 667 finibus

211 747 284 816 quo
305 743 406 814 reges
425 723 678 793 Vandalorum
697 725 900 792 maximam
920 706 1050 793 eorum
1070 726 1134 815 qui
1154 747 1260 797 exsu-

209 853 335 921 labant
353 857 496 942 partem
511 850 771 941 relegaverant.
794 851 935 921 Harum
951 854 1051 921 enim
1067 854 1260 943 regionum

209 981 506 1070 frequentissima
526 981 666 1049 mentio
687 984 741 1048 est
760 980 860 1069 apud
878 980 1076 1049 Victorem.

254 1108 425 1198 Legimus
439 1107 695 1197 Armogastem
714 1106 976 1196 proconsulem
998 1108 1037 1174 in
1060 1107 1262 1198 quamdam

209 1235 410 1326 Byzacenae
425 1236 613 1324 regionem
629 1234 830 1324 relegatum
847 1258 863 1301 r<
886 1233 932 1303 ad
951 1233 1146 1303 fodiendas
1166 1257 1263 1304 scro-

210 1364 274 1431 bes
296 1385 312 1429 ))
336 1385 344 1449 ;
366 1362 586 1430 christianos
606 1362 731 1451 aliquo
751 1383 905 1429 munere
924 1362 964 1429 in
982 1362 1067 1430 aula
1087 1361 1262 1431 Hunerici

209 1490 413 1579 fungentes,
432 1488 479 1556 ad
493 1487 713 1556 demetenda
732 1488 917 1556 frumenta
938 1511 954 1554 r(
976 1489 1015 1556 in
1035 1510 1167 1578 campo
1189 1489 1263 1557 Uti-

210 1618 343 1711 censi»
362 1615 556 1685 damnatos
575 1617 698 1684 fuisse.
721 1614 915 1683 Mittuntur
935 1621 1063 1706 postea
1082 1617 1121 1684 in
1142 1615 1263 1686 deser-

210 1749 289 1812 tum
317 1743 421 1830 4976
451 1744 613 1833 episcopi
644 1748 678 1811 et
706 1744 932 1840 presbyteri3
963 1742 1148 1833 Eugenius
1183 1745 1261 1834 ipse

211 1873 521 1962 Carthaginiensis
537 1877 572 1939 et
587 1871 819 1939 Habetdeum
834 1870 1073 1939 Teudalensis
1088 1873 1126 1939 in
1141 1873 1263 1961 proxi-

210 2021 312 2068 mam
336 1999 572 2088 Tripolitanae
595 2000 796 2089 provinciae
817 1999 1002 2068 civitatem
1021 2001 1117 2068 inter
1146 1999 1262 2068 Trito-

210 2126 341 2193 nidum
369 2126 491 2194 lacum
520 2131 555 2193 et
581 2125 766 2193 desertum
793 2127 988 2194 mittuntur
1007 2126 1259 2211 uhiAntoni0‚

208 2254 436 2322 ferocissimo
452 2253 674 2322 arianorum
695 2255 881 2344 episcopo,
903 2256 943 2322 in
963 2254 1169 2324 custodiam
1189 2261 1262 2324 tra-

210 2381 358 2449 duntur.
383 2381 452 2450 Alii
476 2381 577 2449 haud
595 2381 703 2471 longe
718 2403 739 2449 a
755 2403 820 2449 sua
836 2380 923 2449 sede
943 2383 1142 2471 episcopali
1159 2404 1262 2451 exsu-

209 2508 453 2576 laveruntuhi
467 2508 620 2576 ecclesia
635 2509 780 2597 privati,
794 2509 920 2575 omnia
936 2508 1033 2575 mala
1048 2509 1146 2596 passi
1163 2516 1258 2576 sunt.

210 2635 297 2703 Haec
326 2657 409 2724 quae
439 2634 526 2719 dixi,
557 2634 777 2719 Fcrrandus‚
809 2633 965 2703 Victoris
989 2633 1064 2701 fere
1094 2634 1259 2722 aequalis,

210 2765 248 2830 in
270 2763 346 2834 Vita
355 2763 470 2832 suncti
483 2762 673 2853 augentii,
690 2763 749 2830 his
763 2763 885 2830 verbis
895 2766 1103 2851 propugnat
1121 2783 1127 2828 :
1146 2785 1162 2828 r<
1180 2761 1262 2830 Fuit

212 2910 229 2953 <r
254 2892 342 2954 tunc
361 2888 539 2975 temporis
561 2887 768 2975 episcopus,
793 2887 857 2975 qui
879 2907 947 2975 pro
973 2884 1047 2953 fide
1067 2885 1259 2971 catholica,

212 3035 228 3078 ((
256 3033 332 3079 non
358 3013 465 3102 longe
488 3033 509 3080 a
531 3010 705 3079 cathedra
725 3033 791 3079 sua
808 3013 933 3100 jussus
954 3011 1072 3079 fuerat
1096 3011 1259 3102 relegari.

212 3160 228 3204 r<
254 3137 309 3205 De
329 3137 455 3205 multis
471 3138 571 3205 enim
587 3137 840 3206 sacerdotibus
859 3138 930 3206 hoc
945 3137 1120 3206 Hunerici
1140 3160 1263 3227 perse-

211 3266 391 3334 rcutoris
413 3269 545 3333 'astuta
579 3264 786 3354 malignitas
819 3265 1064 3350 ordinaverat,
1094 3271 1134 3333 ut
1152 3268 1262 3357 Juxta

214 3423 227 3456 «
251 3394 413 3484 patrium
438 3395 629 3484 propriam
654 3395 960 3483 peregrinationis
980 3395 1262 3463 incommodum

214 3544 230 3589 r
257 3524 478 3591 sustinerent
493 3522 555 3613 (1).
576 3546 592 3589 >r

254 3650 365 3719 Aliud
388 3656 646 3740 argumentum
666 3652 806 3741 sumpsi
832 3673 875 3720 ex
900 3656 1029 3721 octavo
1053 3650 1264 3739 Inscriptio-

211 3800 301 3845 num
326 3778 525 3846 latinarum
548 3772 750 3864 volumine,
777 3780 816 3846 in
842 3801 916 3869 quo
951 3778 997 3846 de
1030 3777 1263 3846 Habetdeum

212 3906 400 3977 exsulante
421 3906 551 3975 eadem
571 3882 710 3976 mentio
730 3909 825 3976 facta
841 3913 904 3975 est.
927 3906 968 3974 In
989 3906 1162 3975 hocloco
1183 3907 1263 3975 haec

211 4031 407 4099 dicuntur:
432 4056 448 4099 <r
471 4031 584 4102 Oases
603 4034 686 4123 plus
706 4035 852 4124 triginta
871 4032 1136 4122 magnitudinis
1151 4033 1262 4102 variae

244 4316 276 4381 (l)
292 4317 426 4366 Ferraudus
442 4317 523 4380 (opere
533 4317 629 4383 citato),
643 4332 699 4382 cap.
718 4320 759 4370 lV.
