3142 5084
695 442 874 504 —131-

255 615 347 672 retur
356 608 633 692 dipnissimuslll,
645 609 708 685 51).
720 644 761 653 -
770 608 913 689 August.
930 633 936 672 :
950 605 1063 672 sancta
1077 614 1174 692 atque
1186 609 1305 674 dulcis-

254 703 340 766 sima
356 704 410 781 (de
427 703 495 768 Cio.
518 704 588 783 Dei,
612 702 715 782 XXII,
731 704 781 779 29,
798 705 840 780 Ι).
866 703 1000 767 Possid.
1025 704 1102 783 (Vit.
1122 707 1206 789 Aup.
1228 709 1279 784 11)
1297 729 1303 769 :

255 798 454 861 continentes
468 801 499 860 et
514 797 727 861 doctissimos.
751 797 778 859 F
780 798 915 861 errand.
933 798 1012 876 (Vit.
1031 798 1126 882 Falp.
1142 802 1195 877 61)
1209 824 1214 863 :
1236 800 1308 862 ina-

256 912 312 955 nes
331 895 362 955 et
376 891 581 955 vanissimos.
607 892 689 953 Aur.
715 891 804 954 Vict.
828 891 925 968 (Caes.
949 893 1000 972 41,
1021 893 1053 970 4)
1071 916 1077 955 ;
1095 897 1184 955 aetus
1205 897 1306 956 oeter-

255 985 452 1068 rimamqae.
478 981 594 1068 Optat.
617 984 756 1047 Milev:
777 984 947 1067 singulare
971 1005 1010 1048 ac
1031 986 1236 1050 verissimum
1252 1006 1307 1049 sa-

256 1085 475 1144 cramentum
491 1079 529 1159 (Ι,
546 1081 619 1156 ΙΙ),
636 1078 754 1141 saniei
768 1078 929 1142 verissimi
943 1079 1093 1162 symboli
1109 1080 1148 1161 (Ι,
1163 1083 1227 1158 12).

301 1198 385 1268 Non
405 1199 511 1267 aliter
525 1220 639 1288 quam
653 1198 706 1265 illi
724 1199 920 1287 scriptores
934 1198 1060 1268 Victor
1078 1201 1222 1268 locutus
1242 1205 1308 1267 est.

302 1338 340 1428 a)
358 1338 566 1428 lunguntur
584 1339 763 1428 positivus
784 1344 818 1406 et
834 1341 1106 1428 comparativus
1129 1363 1135 1407 :

351 1464 504 1548 Ingentia
518 1469 552 1528 et
563 1466 694 1546 majora
710 1465 764 1545 (ΙΙ,
781 1467 823 1543 7).

306 1595 342 1686 b)
360 1596 543 1665 Positivus
564 1602 599 1664 et
618 1596 888 1685 superlativus:

353 1722 601 1817 Nobilissimum
618 1725 715 1804 atque
727 1722 892 1804 famosam
909 1721 947 1800 (1,
964 1723 1034 1799 24>3
1060 1725 1202 1803 anpasta
1222 1726 1252 1784 et
1266 1726 1311 1784 te-

263 1817 397 1879 terrima
412 1817 467 1895 (ΙΙ,
485 1820 556 1895 31),
576 1818 700 1900 peritas
718 1821 748 1879 et
762 1816 967 1879 doctissimas
984 1816 1038 1894 (ΙΙ,
1052 1818 1120 1892 52),
1143 1819 1312 1878 strenuam

262 1915 359 1992 atque
373 1911 598 1975 doctissimam
611 1912 665 1990 (ΙΙ,
682 1914 756 1989 59),
773 1910 887 1973 multis
906 1914 935 1971 et
954 1910 1157 1971 creberrimis
1171 1908 1225 1988 (ΙΙ,
1242 1911 1312 1987 76);

264 2006 480 2069 necessariam
500 2026 538 2068 ac
550 2005 768 2088 justissimum
780 2004 851 2082 (ΙΙΙ,
868 2006 911 2081 7).
930 2039 964 2049 -
981 2003 1029 2066 Cf.
1047 2006 1139 2067 Pass.
1156 2006 1252 2068 Mart.
1268 2008 1288 2065 Ι
1305 2028 1311 2067 :

263 2099 468 2182 Lanpinqais
483 2104 513 2162 et
527 2099 704 2173 extremis;
720 2100 740 2160 6
758 2120 763 2160 :
779 2098 911 2161 Nobiles
925 2102 955 2161 et
969 2098 1084 2180 optimi
1093 2121 1104 2173 ;
1121 2098 1271 2162 delicatae
1287 2101 1317 2161 et

265 2192 488 2255 nobilissimae.

307 2312 476 2401 Denique
496 2311 643 2380 citanda
667 2319 752 2379 sunt
772 2311 946 2380 adverbia
967 2318 1114 2400 olianta,
1133 2317 1232 2379 tanto
1253 2333 1317 2400 po-

264 2439 370 2507 sitivo
387 2441 583 2527 conjuncta
607 2463 612 2506 :

305 2565 436 2642 Quanto
450 2585 508 2628 eos
522 2566 727 2648 afflipebant
746 2569 836 2628 tanto
851 2564 960 2647 magis
976 2563 1314 2648 multiplicabantur,

264 2664 297 2722 et
316 2658 576 2722 invalescebant
599 2658 704 2721 nimis
726 2659 765 2739 (Ι,
782 2661 871 2735 23)...
895 2659 1025 2735 Quanto
1040 2658 1106 2720 sibi
1123 2658 1319 2720 uidebantur

265 2751 417 2832 superbi,
440 2754 531 2814 tanto
553 2751 706 2834 amplius
724 2751 932 2815 deficiebant
954 2751 1023 2830 (ΙΙΙ,
1039 2753 1129 2827 59)...
1153 2752 1318 2814 Persecu-

265 2842 371 2906 tionis
391 2848 515 2925 quanto
538 2844 730 2922 sublimiter,
758 2847 848 2906 lanto
873 2843 1047 2906 crudeliter
1073 2849 1176 2925 gestae
1196 2843 1235 2923 (Ι,
1252 2845 1315 2920 51).

266 2934 499 2999 errantum
527 2959 532 2998 :
562 2935 692 3012 Quanto
716 2935 862 3018 inopina,
887 2940 978 2998 lanto
1004 2935 1136 3018 majora
1162 2936 1261 3013 (Ann.
1292 2933 1317 3014 Ι,

266 3028 328 3198 ᾗ).
401 3029 531 3185 {aegipto
543 3029 622 3111 quis
637 3029 785 3092 audacia
796 3034 977 3113 promptus,
996 3033 1087 3093 tanto
1102 3029 1213 3111 magis
1227 3029 1320 3092 fidus

311 3141 382 3202 nn,
418 3171 427 3202 ,
483 3132 505 3200 ).

459 3350 687 3408 ARTICULUS
710 3351 764 3408 ΙΙΙ.
784 3380 820 3392 -
838 3354 890 3408 De
910 3351 1127 3408 Pronomine

315 3544 424 3634 Apud
434 3546 620 3615 Victorem
633 3546 726 3614 adeo
742 3567 855 3634 prave
865 3545 1322 3635 adhibenturpronomina
1388 3516 1390 3521 λ

272 3677 311 3740 ut
331 3674 370 3740 in
390 3694 519 3740 eorum
546 3695 615 3740 usu
646 3674 821 3741 affirmari
847 3674 963 3762 possit
989 3695 1074 3740 eum
1103 3673 1195 3739 nihil
1222 3672 1323 3740 aliud

273 3821 385 3889 quam
404 3801 592 3890 plebeium
617 3822 828 3868 sermonem
857 3801 968 3868 fuisse
995 3806 1173 3869 secutum.
1200 3799 1324 3867 Ardua

273 3933 370 4013 sunt,
392 3929 520 4013 fateor,
538 3928 751 3997 discrimina
772 3930 906 4017 quibus
922 3928 1171 4017 quorumdam
1191 3949 1327 4016 prouo-

275 4057 419 4123 minum
432 4078 533 4141 usus
548 4057 606 4125 vel
617 4059 707 4146 ipsis
717 4057 1042 4146 grammaticorum
1055 4057 1201 4145 regulis,
1216 4055 1328 4142 expli-

275 4187 390 4251 catur.
405 4182 496 4266 Quae
512 4182 726 4252 discrimina
737 4183 865 4252 malea
880 4182 987 4271 vulgo
1002 4181 1201 4270 dijudicata
1216 4182 1328 4248 fuisse

276 4311 359 4399 quis
378 4311 573 4379 mirabitur
586 4312 604 4378 ‘l
619 4310 709 4378 Inde
726 4316 927 4380 evenerunt
941 4310 1091 4398 plurimi
1111 4307 1211 4398 apud
1232 4307 1329 4376 dete-
