3142 5084
704 387 865 449 -ss2..

258 538 300 619 ea
316 572 398 641 quae
415 549 460 618 de
475 550 660 618 Hunerico
676 552 783 619 nohis
798 551 923 619 Victor
933 550 1094 621 tradidit.
1108 552 1229 626 Facile
1244 554 1312 621 tihi

258 678 449 768 apparebit
475 679 703 747 Hunericum
731 681 770 746 in
795 680 995 747 catholicos
1020 680 1137 748 multo
1166 681 1313 770 gravius

258 827 371 894 quarn
403 811 547 894 patrem
581 807 784 891 exarsisse3
816 828 930 895 quarn
963 809 1184 876 sententiam
1210 807 1312 876 haud

258 933 456 1021 spernendi
477 939 644 1001 auctores
664 933 903 1022 adjuvabunt.
929 957 945 1000 <r
968 933 1196 1002 Christianos
1214 933 1311 1002 Afri-

258 1081 322 1144 cae,
345 1061 395 1128 ait
414 1059 630 1148 Procopius,
661 1066 737 1128 tam
762 1060 970 1145 crudeliter,
1004 1066 1155 1150 tamque
1175 1062 1312 1150 injuste

258 1208 369 1255 nemo
388 1190 533 1256 vexavit
552 1209 664 1277 quam
685 1189 902 1257 Hunericus
927 1189 1020 1257 Cum
1040 1190 1141 1257 enim
1160 1189 1243 1256 illos
1263 1188 1311 1256 ad

258 1318 395 1381 sectam
425 1314 592 1382 arianam
612 1315 861 1404 compelleret,
893 1337 1148 1405 quoscumque
1176 1337 1311 1405 parum

258 1440 305 1509 ad
333 1442 616 1530 obsequendum
648 1449 841 1532 promptos
878 1442 1190 1532 deprehendebat,
1227 1445 1311 1533 igne

258 1567 412 1656 aliisque
432 1569 622 1656 suppliciis
638 1570 863 1638 excruciatos
884 1571 1039 1638 necabat
1058 1570 1120 1660 (1).
1142 1593 1158 1636 »

301 1692 343 1760 ln
359 1694 533 1762 eumdem
551 1696 626 1764 fere
642 1696 797 1764 modum
818 1697 981 1784 loquitur
995 1696 1230 1764 Marcellinus
1247 1704 1310 1764 co'-

258 1840 348 1887 mes.
376 1820 447 1888 Sed
465 1822 648 1912 imprimis
663 1823 768 1910 juvat
793 1824 905 1892 verba
926 1821 1090 1912 Gregorii
1121 1823 1312 1891 Turonen-

259 1949 308 2016 sis
336 1949 470 2016 referre
490 1950 553 2037 qui
573 1972 643 2034 res,
666 1971 798 2038 quasa
826 1950 972 2018 Victore
1002 1973 1078 2018 non
1104 1957 1308 2040 acceperat,

260 2074 442 2140 enarravit
460 2098 466 2142 :
486 2096 503 2139 r(
524 2073 706 2141 Defuncto
721 2073 968 2141 Trasimnndo
983 2074 1076 2164 (lege
1094 2074 1307 2164 Genserico),
1393 2054 1395 2058 ὗ

257 2204 341 2287 post
361 2200 497 2267 scelera
517 2221 600 2288 quae
620 2200 658 2266 in
679 2201 813 2267 sanctis
826 2200 894 2267 Dei
910 2202 1082 2285 exercuit,
1102 2201 1310 2281 Hunericus

259 2332 382 2394 mente
398 2321 592 2412 crudelior,
611 2327 814 2395 africanum
831 2334 988 2416 occupat
1006 2348 1181 2417 regnum3
1205 2330 1310 2416 cujus

258 2455 325 2522 sub
346 2459 511 2543 tempore
532 2456 659 2544 quanti
682 2454 967 2523 christianorum
988 2456 1115 2545 populi
1137 2477 1205 2544 pro
1225 2457 1308 2543 ipso

189 2553 191 2559 Ι
258 2559 392 2649 Christi
403 2583 649 2650 sacratissimo
664 2583 816 2650 nomine
833 2584 916 2651 caesi
929 2584 1012 2667 sint,
1032 2584 1077 2650 ab
1094 2583 1311 2650 hominibus

259 2730 335 2776 non
349 2715 469 2797 potest
484 2709 750 2798 comprehendi
769 2710 832 2799 (2).
857 2733 873 2776 »

301 2831 385 2900 Non
410 2835 535 2901 mirari
562 2835 670 2923 igitur
703 2834 881 2903 debemus
910 2841 964 2902 tot
990 2837 1195 2925 episcopos
1225 2841 1310 2925 post

257 2960 505 3047 collationem,
516 2964 555 3029 in
571 2963 739 3030 exsilium
754 2964 866 3030 fuisse
882 2970 1001 3050 actos;
1020 2985 1150 3031 eorum
1165 2965 1309 3052 paucis-

257 3086 353 3171 simi,
385 3087 563 3175 quamdiu
593 3089 709 3155 saeviit
734 3086 988 3155 Vandalorum
1017 3089 1237 3176 persecutio,
1269 3089 1309 3154 in

257 3212 332 3278 suis
352 3211 500 3280 sedibus
519 3233 767 3301 permansere.
783 3210 854 3279 Alii
873 3213 1054 3300 fugerunt,
1071 3212 1145 3296 alii,
1157 3233 1310 3301 praeser-

256 3340 324 3406 tim
338 3341 538 3428 provinciae
561 3340 834 3428 proconsularis
861 3341 1037 3428 episcopi,
1051 3341 1089 3407 in
1106 3339 1307 3423 Corsicam,

257 3469 318 3536 alii
342 3470 381 3536 in
414 3468 556 3536 deserta
584 3469 715 3537 Africae
746 3468 827 3536 loca
858 3469 1005 3557 relegati
1035 3466 1131 3536 sunt.
1164 3468 1308 3535 Horum

258 3596 427 3662 omniurn
443 3593 619 3663 numerus
639 3597 702 3684 qui
722 3597 760 3663 in
775 3595 911 3664 Notitia
932 3596 1073 3684 legitur,
1096 3596 1197 3663 haud
1217 3595 1311 3663 mul-

258 3726 338 3788 tum
369 3722 471 3788 abest
501 3742 521 3788 a
552 3743 708 3789 numero
737 3723 844 3789 nobis
873 3744 894 3790 a
929 3722 1142 3790 Marcellino
1176 3722 1310 3790 comite

258 3846 392 3914 tradito
413 3848 476 3936 qui
495 3848 604 3916 refert
626 3871 641 3914 <r
663 3849 862 3937 plusquam
882 3849 947 3916 333
968 3849 1194 3917 orthodoxos
1218 3850 1311 3939 epis-

259 3993 373 4062 copos
387 3974 427 4040 in
446 3974 615 4042 exsilium
634 3975 761 4064 pulsos
779 3976 890 4043 luisse
905 3975 956 4065 (3)
971 3998 1001 4042 t).

290 4196 321 4258 (1)
341 4190 469 4260 Procopius
487 4215 493 4248 ι
508 4199 544 4248 Dc
556 4198 614 4248 hello
631 4187 766 4257 catalectico,
781 4199 800 4257 l,
815 4212 870 4260 cap.
889 4199 915 4247 8.

258 4272 324 4397 idid)
341 4275 450 4336 Excerpt.
469 4289 500 4322 ex
517 4275 591 4338 (ἔπος.
609 4276 699 4323 Toron.
716 4273 789 4336 (Hist.
806 4273 928 4336 Fratre),
945 4273 1021 4322 Patr.
1042 4273 1101 4333 lot„
1119 4278 1139 4322 t.
1159 4274 1240 4333 LVlll,
1257 4275 1307 4324 col.

290 4410 323 4474 (3)
339 4410 438 4461 Potrol.
457 4410 510 4470 lat„
523 4416 544 4460 t.
564 4410 592 4459 Ll
606 4411 662 4475 (col.
676 4409 744 4473 914).
