3142 5084
698 413 861 478 ..74-

253 587 343 655 toris
361 590 448 654 voto
467 583 680 675 respondet)
700 584 920 653 christianos
940 585 1089 653 nonnisi
1105 586 1312 657 bestiarum

254 714 470 804 sanguinem
503 710 763 781 tantummodo
799 711 1002 782 sitientium
1033 712 1209 800 ludibrio,
1242 736 1314 806 per

253 847 413 934 quatuor
432 845 467 910 et
486 840 752 931 quinquaginta
773 860 905 925 annos
927 841 1128 930 permissos
1146 841 1272 911 fuisse.

297 970 387 1058 Quis
407 970 568 1060 denique
587 990 665 1037 non
684 969 839 1038 miretur
861 975 916 1038 tot
934 968 1016 1039 loca
1035 992 1312 1061 supervacanea

254 1106 289 1170 et
301 1121 323 1169 a
336 1099 525 1192 proposita
540 1119 579 1167 re
600 1097 720 1167 aliena
734 1100 774 1168 in
792 1099 950 1169 Victoris
964 1098 1061 1168 libro
1078 1121 1157 1169 esse
1171 1101 1189 1168 ‘l
1207 1098 1312 1170 Nihil

253 1227 301 1301 ad
320 1227 514 1297 historiam
532 1226 725 1296 conferunt
744 1232 798 1296 tot
826 1227 953 1296 otiosae
978 1229 1165 1297 orationes
1181 1249 1189 1314 3
1215 1227 1312 1297 nihil

254 1355 394 1425 confert
408 1353 471 1422 illa
485 1354 593 1422 famis
601 1353 819 1444 descriptio,
834 1355 1027 1424 rhetorum
1041 1355 1099 1424 vel
1113 1359 1312 1445 poetarum

253 1504 357 1552 more
370 1483 516 1572 scripta.
529 1482 613 1553 Non
624 1483 738 1574 magis
751 1484 850 1552 utilis
862 1489 915 1552 est
925 1483 989 1552 illa
998 1484 1213 1574 provocatio
1224 1503 1312 1574 quae

253 1610 292 1678 in
311 1609 395 1681 libri
417 1609 491 1678 fine
510 1607 641 1699 legitur
660 1630 743 1699 quae
764 1613 817 1677 est
836 1609 1040 1699 presbyteri
1060 1608 1107 1677 ad
1126 1608 1313 1699 populum

253 1738 293 1806 in
311 1736 474 1807 Ecclesia
490 1737 750 1837 contionantis,
769 1758 846 1806 non
865 1737 1106 1809 historiarum
1121 1737 1312 1827 scriptoris

252 1885 358 1954 opus
393 1863 498 1931 Utilis
527 1869 728 1932 esttamen
760 1864 898 1932 volenti
924 1862 1081 1934 Victoris
1113 1863 1312 1933 scribentis

253 1989 418 2059 indolem
438 1991 688 2079 introspicere.
710 1991 806 2061 Nam
827 1991 996 2081 quamvis
1024 1989 1141 2060 multa
1166 1990 1206 2058 in
1230 1991 1312 2078 ejus

253 2119 349 2188 libro
368 2118 549 2187 rhetorice
569 2120 788 2187 concinnata
809 2119 892 2205 sint,
909 2123 1028 2188 ortam
1044 2139 1089 2188 ex
1102 2122 1215 2187 tantae
1229 2138 1315 2206 per·

256 2246 455 2337 secutionis
471 2248 651 2315 memoria
665 2246 960 2337 indignationem
975 2246 1100 2316 Victor
1118 2267 1196 2314 non
1208 2268 1313 2315 men-

255 2375 353 2458 titur,
372 2393 484 2462 seque
500 2373 754 2442 Romanorum
768 2375 947 2463 partibus
964 2379 1142 2442 eteorum
1158 2372 1313 2463 quidem

255 2501 449 2587 nobilium,
471 2501 593 2569 favere
609 2503 695 2569 satis
711 2500 872 2570 declarat
891 2523 898 2587 3
920 2500 1035 2591 idque
1051 2502 1129 2590 ejus
1145 2498 1314 2591 indigna-

255 2626 395 2693 tionem
423 2631 529 2715 auget
555 2624 656 2715 quod
680 2625 762 2692 illas
781 2630 903 2713 partes
923 2624 1029 2691 multi
1055 2623 1310 2707 deseruerunt,

255 2756 366 2841 atque
388 2751 636 2820 Barbarorum
655 2773 778 2820 mores
799 2750 971 2819 laudibus
992 2749 1215 2835 extollend0,
1237 2749 1312 2817 Ro-

256 2881 388 2966 manis
412 2885 452 2947 ut
471 2881 652 2969 corruptis
670 2885 705 2946 et
721 2878 930 2963 debilitatis,
948 2880 1104 2947 nimiam
1119 2879 1314 2948 infamiam

255 3007 394 3091 fecere3
413 3026 525 3094 quam
542 3004 806 3073 contumeliam
822 3005 984 3093 antiquae
1000 3004 1052 3072 illi
1072 3005 1231 3074 Romani
1247 3026 1314 3073 no-

257 3134 367 3201 minis
391 3133 558 3223 dignitati
585 3133 724 3200 illatam
747 3131 872 3200 Victor
900 3151 994 3222 aegre
1022 3132 1114 3218 tulit,
1147 3154 1233 3201 cum
1259 3138 1315 3202 tot

256 3265 416 3353 rapinas,
445 3268 499 3330 tot
523 3262 687 3330 facinora
714 3283 797 3350 quae
827 3283 903 3328 non
931 3261 1207 3350 excogitavisset
1232 3260 1313 3350 ipse

256 3389 456 3460 Mezentius
475 3387 538 3478 (1),
561 3386 726 3471 Barbari,
749 3408 825 3453 non
845 3407 957 3474 prave
978 3385 1099 3454 solum
1119 3385 1313 3455 sedetiam

164 3583 167 3587 .
257 3516 634 3608 periculose'laudati,
656 3515 977 3605 perpetravissent.
1001 3514 1095 3582 Cum
1116 3516 1216 3582 enim
1232 3515 1313 3604 qui-

260 3644 347 3712 dam
367 3643 555 3711 christiani
582 3641 790 3710 dictitarent
812 3641 961 3709 fatalem
985 3642 1131 3730 imperii
1164 3641 1312 3709 romani

260 3771 371 3856 diem,
400 3772 493 3838 irato
520 3769 611 3854 De0‚
636 3770 792 3858 jamjam
820 3774 1029 3854 venturum,
1061 3769 1130 3836 sibi
1159 3768 1312 3858 Barbari

259 3899 432 3968 visisunt
452 3896 556 3965 electi
576 3895 640 3984 qui
659 3894 727 3962 Dei
747 3894 883 3962 auxilio
910 3894 1002 3978 freti,
1032 3914 1143 3981 super
1166 3893 1313 3960 romani

260 4024 406 4115 imperii
424 4023 550 4092 ruinas
568 4043 709 4090 novum
728 4022 927 4110 imperium
947 4019 1183 4089 aedificarent.

293 4250 326 4317 (l)
343 4250 401 4299 Vide
416 4249 569 4313 Vergilium:
587 4247 702 4308 AEneid.‚
718 4249 779 4308 Vlll‚
797 4247 855 4297 481.

635 4405 943 4439 w
