<?xml version="1.0" encoding="UTF-8"?>
<!DOCTYPE html PUBLIC "-//W3C//DTD XHTML 1.0 Transitional//EN"
    "http://www.w3.org/TR/xhtml1/DTD/xhtml1-transitional.dtd">
<html xmlns="http://www.w3.org/1999/xhtml" xml:lang="en" lang="en">
 <head>
  <title>
</title>
<meta http-equiv="Content-Type" content="text/html;charset=utf-8" />
  <meta name='ocr-system' content='tesseract 3.04.00' />
  <meta name='ocr-capabilities' content='ocr_page ocr_carea ocr_par ocr_line ocrx_word'/>
</head>
<body>
  <div class='ocr_page' id='page_1' title='image "./devictorisviten00ferrgoog_0175.png"; bbox 0 0 3142 5084; ppageno 0'>
   <div class='ocr_carea' id='block_1_1' title="bbox 694 426 874 488">
    <p class='ocr_par' dir='ltr' id='par_1_1' title="bbox 694 426 874 488">
     <span class='ocr_line' id='line_1_1' title="bbox 694 426 874 488; baseline 0 -16"><span class='ocrx_word' id='word_1_1' title='bbox 694 426 874 488; x_wconf 75' lang='grc'><strong>..166-</strong></span> 
     </span>
    </p>
   </div>
   <div class='ocr_carea' id='block_1_2' title="bbox 254 593 1316 687">
    <p class='ocr_par' dir='ltr' id='par_1_2' title="bbox 254 593 1316 687">
     <span class='ocr_line' id='line_1_2' title="bbox 254 593 1316 687; baseline -0.003 -22"><span class='ocrx_word' id='word_1_2' title='bbox 254 619 413 687; x_wconf 90' lang='lat' dir='ltr'>quorum</span> <span class='ocrx_word' id='word_1_3' title='bbox 434 596 601 685; x_wconf 85' lang='lat' dir='ltr'>exempla</span> <span class='ocrx_word' id='word_1_4' title='bbox 622 594 722 684; x_wconf 88' lang='lat' dir='ltr'>apud</span> <span class='ocrx_word' id='word_1_5' title='bbox 741 594 872 664; x_wconf 80' lang='lat' dir='ltr'>Africae</span> <span class='ocrx_word' id='word_1_6' title='bbox 889 595 1085 684; x_wconf 80' lang='lat' dir='ltr'><strong>scriptores</strong></span> <span class='ocrx_word' id='word_1_7' title='bbox 1105 593 1207 662; x_wconf 91' lang='lat' dir='ltr'>haud</span> <span class='ocrx_word' id='word_1_8' title='bbox 1229 614 1316 662; x_wconf 87' lang='lat' dir='ltr'>rara</span> 
     </span>
    </p>
   </div>
   <div class='ocr_carea' id='block_1_3' title="bbox 254 732 363 794">
    <p class='ocr_par' dir='ltr' id='par_1_3' title="bbox 254 732 363 794">
     <span class='ocr_line' id='line_1_3' title="bbox 254 732 363 794; baseline 0.009 -1"><span class='ocrx_word' id='word_1_9' title='bbox 254 732 338 794; x_wconf 94' lang='lat' dir='ltr'>sunt</span> <span class='ocrx_word' id='word_1_10' title='bbox 357 749 363 794; x_wconf 95' lang='lat'>:</span> 
     </span>
    </p>
   </div>
   <div class='ocr_carea' id='block_1_4' title="bbox 253 849 1316 1121">
    <p class='ocr_par' dir='ltr' id='par_1_4' title="bbox 253 849 1316 1121">
     <span class='ocr_line' id='line_1_4' title="bbox 294 849 1316 933; baseline -0.001 -20"><span class='ocrx_word' id='word_1_11' title='bbox 294 852 414 915; x_wconf 80' lang='lat' dir='ltr'>Victor</span> <span class='ocrx_word' id='word_1_12' title='bbox 436 873 442 912; x_wconf 91' lang='lat'>:</span> <span class='ocrx_word' id='word_1_13' title='bbox 464 851 555 929; x_wconf 86' lang='lat' dir='ltr'>Quia</span> <span class='ocrx_word' id='word_1_14' title='bbox 578 868 648 913; x_wconf 94' lang='lat' dir='ltr'>non</span> <span class='ocrx_word' id='word_1_15' title='bbox 673 849 839 933; x_wconf 68' lang='lat' dir='ltr'>indiqem,</span> <span class='ocrx_word' id='word_1_16' title='bbox 868 850 928 913; x_wconf 90' lang='lat' dir='ltr'>sed</span> <span class='ocrx_word' id='word_1_17' title='bbox 957 849 1098 913; x_wconf 79' lang='lat' dir='ltr'>Saturus</span> <span class='ocrx_word' id='word_1_18' title='bbox 1117 849 1316 913; x_wconf 88' lang='lat' dir='ltr'>vocabatur</span> 
     </span>
     <span class='ocr_line' id='line_1_5' title="bbox 253 943 1315 1026; baseline -0.003 -17"><span class='ocrx_word' id='word_1_19' title='bbox 253 947 292 1026; x_wconf 83' lang='grc' dir='ltr'>(Ι,</span> <span class='ocrx_word' id='word_1_20' title='bbox 309 947 372 1023; x_wconf 86' lang='grc'>48).</span> <span class='ocrx_word' id='word_1_21' title='bbox 390 944 438 1009; x_wconf 88' lang='lat' dir='ltr'>Cf.</span> <span class='ocrx_word' id='word_1_22' title='bbox 453 946 595 1026; x_wconf 80' lang='lat' dir='ltr'><strong>August.</strong></span> <span class='ocrx_word' id='word_1_23' title='bbox 614 944 794 1026; x_wconf 85' lang='lat' dir='ltr'>:Perpetuo</span> <span class='ocrx_word' id='word_1_24' title='bbox 808 948 839 1007; x_wconf 90' lang='lat' dir='ltr'>et</span> <span class='ocrx_word' id='word_1_25' title='bbox 852 943 1016 1023; x_wconf 75' lang='lat' dir='ltr'>Felicitas,</span> <span class='ocrx_word' id='word_1_26' title='bbox 1029 943 1170 1007; x_wconf 90' lang='lat' dir='ltr'>coronis</span> <span class='ocrx_word' id='word_1_27' title='bbox 1183 949 1315 1026; x_wconf 88' lang='lat' dir='ltr'>marty-</span> 
     </span>
     <span class='ocr_line' id='line_1_6' title="bbox 254 1038 1107 1121; baseline -0.004 -18"><span class='ocrx_word' id='word_1_28' title='bbox 254 1040 296 1103; x_wconf 92' lang='lat' dir='ltr'>rii</span> <span class='ocrx_word' id='word_1_29' title='bbox 313 1040 493 1118; x_wconf 77' lang='lat' dir='ltr'>decoratae,</span> <span class='ocrx_word' id='word_1_30' title='bbox 507 1042 663 1121; x_wconf 82' lang='lat' dir='ltr'>perpetuu</span> <span class='ocrx_word' id='word_1_31' title='bbox 673 1039 828 1121; x_wconf 81' lang='lat' dir='ltr'>felicitate</span> <span class='ocrx_word' id='word_1_32' title='bbox 843 1038 1062 1115; x_wconf 89' lang='lat' dir='ltr'>floruerunt(</span> <span class='ocrx_word' id='word_1_33' title='bbox 1085 1042 1107 1114; x_wconf 73' lang='lat' dir='ltr'>t.</span> 
     </span>
    </p>
   </div>
   <div class='ocr_carea' id='block_1_5' title="bbox 296 1155 1314 1247">
    <p class='ocr_par' dir='ltr' id='par_1_5' title="bbox 296 1155 1314 1247">
     <span class='ocr_line' id='line_1_7' title="bbox 296 1155 1314 1247; baseline -0.004 -18"><span class='ocrx_word' id='word_1_34' title='bbox 296 1160 416 1229; x_wconf 88' lang='lat' dir='ltr'>Verba</span> <span class='ocrx_word' id='word_1_35' title='bbox 436 1159 619 1226; x_wconf 92' lang='lat' dir='ltr'>contraria</span> <span class='ocrx_word' id='word_1_36' title='bbox 635 1159 827 1226; x_wconf 76' lang='lat' dir='ltr'>contrariis</span> <span class='ocrx_word' id='word_1_37' title='bbox 843 1162 1085 1247; x_wconf 92' lang='lat' dir='ltr'>opponuntur</span> <span class='ocrx_word' id='word_1_38' title='bbox 1099 1155 1202 1246; x_wconf 92' lang='lat' dir='ltr'>quod</span> <span class='ocrx_word' id='word_1_39' title='bbox 1218 1179 1314 1247; x_wconf 76' lang='lat' dir='ltr'>oxy-</span> 
     </span>
    </p>
   </div>
   <div class='ocr_carea' id='block_1_6' title="bbox 253 1285 632 1374">
    <p class='ocr_par' dir='ltr' id='par_1_6' title="bbox 253 1285 632 1374">
     <span class='ocr_line' id='line_1_8' title="bbox 253 1285 632 1374; baseline -0.011 -18"><span class='ocrx_word' id='word_1_40' title='bbox 253 1307 383 1356; x_wconf 91' lang='lat' dir='ltr'>moron</span> <span class='ocrx_word' id='word_1_41' title='bbox 403 1285 632 1374; x_wconf 88' lang='lat' dir='ltr'>appellatur:</span> 
     </span>
    </p>
   </div>
   <div class='ocr_carea' id='block_1_7' title="bbox 253 1411 1318 1770">
    <p class='ocr_par' dir='ltr' id='par_1_7' title="bbox 253 1411 1318 1770">
     <span class='ocr_line' id='line_1_9' title="bbox 295 1411 1318 1494; baseline 0 -19"><span class='ocrx_word' id='word_1_42' title='bbox 295 1413 409 1494; x_wconf 88' lang='lat' dir='ltr'><strong>Hujus</strong></span> <span class='ocrx_word' id='word_1_43' title='bbox 422 1411 503 1476; x_wconf 83' lang='lat' dir='ltr'>ritae</span> <span class='ocrx_word' id='word_1_44' title='bbox 526 1432 645 1474; x_wconf 84' lang='lat' dir='ltr'>umore</span> <span class='ocrx_word' id='word_1_45' title='bbox 668 1412 807 1475; x_wconf 83' lang='lat' dir='ltr'><em>dulcedo</em></span> <span class='ocrx_word' id='word_1_46' title='bbox 825 1414 868 1493; x_wconf 72' lang='lat'>(1,</span> <span class='ocrx_word' id='word_1_47' title='bbox 885 1414 947 1489; x_wconf 89' lang='lat'>50).</span> <span class='ocrx_word' id='word_1_48' title='bbox 972 1412 1132 1476; x_wconf 77' lang='lat' dir='ltr'>Animata</span> <span class='ocrx_word' id='word_1_49' title='bbox 1147 1412 1318 1475; x_wconf 79' lang='lat' dir='ltr'>cadavera</span> 
     </span>
     <span class='ocr_line' id='line_1_10' title="bbox 254 1504 1316 1588; baseline 0 -19"><span class='ocrx_word' id='word_1_50' title='bbox 254 1506 325 1586; x_wconf 86' lang='lat' dir='ltr'>(Ill,</span> <span class='ocrx_word' id='word_1_51' title='bbox 341 1507 404 1582; x_wconf 78' lang='lat'>60).</span> <span class='ocrx_word' id='word_1_52' title='bbox 433 1505 483 1570; x_wconf 84' lang='lat' dir='ltr'>Cf.</span> <span class='ocrx_word' id='word_1_53' title='bbox 501 1504 617 1588; x_wconf 85' lang='lat' dir='ltr'>Optat.</span> <span class='ocrx_word' id='word_1_54' title='bbox 637 1505 709 1568; x_wconf 91' lang='lat' dir='ltr'>Mil.</span> <span class='ocrx_word' id='word_1_55' title='bbox 731 1529 736 1568; x_wconf 92' lang='lat'>:</span> <span class='ocrx_word' id='word_1_56' title='bbox 757 1506 873 1572; x_wconf 83' lang='lat' dir='ltr'>tacitus</span> <span class='ocrx_word' id='word_1_57' title='bbox 896 1506 1041 1587; x_wconf 85' lang='lat' dir='ltr'>loquitur</span> <span class='ocrx_word' id='word_1_58' title='bbox 1055 1506 1111 1585; x_wconf 82' lang='lat' dir='ltr'>(V,</span> <span class='ocrx_word' id='word_1_59' title='bbox 1134 1508 1178 1584; x_wconf 90' lang='lat'>3).</span> <span class='ocrx_word' id='word_1_60' title='bbox 1200 1505 1316 1569; x_wconf 80' lang='lat' dir='ltr'>Stulta</span> 
     </span>
     <span class='ocr_line' id='line_1_11' title="bbox 253 1596 1313 1680; baseline 0 -20"><span class='ocrx_word' id='word_1_61' title='bbox 253 1598 414 1680; x_wconf 80' lang='lat' dir='ltr'>supientia</span> <span class='ocrx_word' id='word_1_62' title='bbox 429 1597 500 1676; x_wconf 85' lang='lat' dir='ltr'>(Vl,</span> <span class='ocrx_word' id='word_1_63' title='bbox 517 1599 560 1674; x_wconf 83' lang='grc' dir='ltr'>Ἰ).</span> <span class='ocrx_word' id='word_1_64' title='bbox 590 1598 638 1661; x_wconf 83' lang='lat' dir='ltr'>cf.</span> <span class='ocrx_word' id='word_1_65' title='bbox 656 1598 801 1680; x_wconf 83' lang='lat' dir='ltr'><strong>August.</strong></span> <span class='ocrx_word' id='word_1_66' title='bbox 823 1597 996 1661; x_wconf 90' lang='lat' dir='ltr'>:Herodis</span> <span class='ocrx_word' id='word_1_67' title='bbox 1019 1596 1184 1660; x_wconf 83' lang='lat' dir='ltr'>crudelem</span> <span class='ocrx_word' id='word_1_68' title='bbox 1211 1599 1313 1660; x_wconf 90' lang='lat' dir='ltr'>timo-</span> 
     </span>
     <span class='ocr_line' id='line_1_12' title="bbox 253 1687 1313 1770; baseline 0 -18"><span class='ocrx_word' id='word_1_69' title='bbox 253 1709 332 1752; x_wconf 86' lang='lat' dir='ltr'>rem.</span> <span class='ocrx_word' id='word_1_70' title='bbox 352 1688 382 1752; x_wconf 93' lang='lat'>0</span> <span class='ocrx_word' id='word_1_71' title='bbox 398 1688 526 1751; x_wconf 84' lang='lat' dir='ltr'>soeuitiu</span> <span class='ocrx_word' id='word_1_72' title='bbox 540 1687 748 1751; x_wconf 82' lang='lat' dir='ltr'>misericors!</span> <span class='ocrx_word' id='word_1_73' title='bbox 763 1688 932 1766; x_wconf 85' lang='lat' dir='ltr'>Quaedam</span> <span class='ocrx_word' id='word_1_74' title='bbox 945 1689 1076 1752; x_wconf 83' lang='lat' dir='ltr'>indocto</span> <span class='ocrx_word' id='word_1_75' title='bbox 1090 1689 1243 1752; x_wconf 81' lang='lat' dir='ltr'>doctrina</span> <span class='ocrx_word' id='word_1_76' title='bbox 1254 1693 1313 1770; x_wconf 86' lang='lat'><strong>(2),</strong></span> 
     </span>
    </p>
   </div>
   <div class='ocr_carea' id='block_1_8' title="bbox 253 1788 1315 2116">
    <p class='ocr_par' dir='ltr' id='par_1_8' title="bbox 253 1788 1315 2116">
     <span class='ocr_line' id='line_1_13' title="bbox 253 1788 316 1847; baseline 0.032 -2"><span class='ocrx_word' id='word_1_77' title='bbox 253 1788 316 1847; x_wconf 93' lang='lat' dir='ltr'>etc.</span> 
     </span>
     <span class='ocr_line' id='line_1_14' title="bbox 298 1899 1314 1988; baseline 0 -19"><span class='ocrx_word' id='word_1_78' title='bbox 298 1902 386 1969; x_wconf 87' lang='lat' dir='ltr'>Haee</span> <span class='ocrx_word' id='word_1_79' title='bbox 406 1905 483 1968; x_wconf 92' lang='lat' dir='ltr'>erat</span> <span class='ocrx_word' id='word_1_80' title='bbox 497 1899 642 1988; x_wconf 90' lang='lat' dir='ltr'>jamdiu</span> <span class='ocrx_word' id='word_1_81' title='bbox 671 1901 863 1968; x_wconf 90' lang='lat' dir='ltr'>rhetorum</span> <span class='ocrx_word' id='word_1_82' title='bbox 885 1900 1114 1968; x_wconf 92' lang='lat' dir='ltr'>consuetudo</span> <span class='ocrx_word' id='word_1_83' title='bbox 1135 1901 1314 1970; x_wconf 85' lang='lat' dir='ltr'>inusitata</span> 
     </span>
     <span class='ocr_line' id='line_1_15' title="bbox 253 2024 1315 2116; baseline 0.004 -24"><span class='ocrx_word' id='word_1_84' title='bbox 253 2025 453 2092; x_wconf 91' lang='lat' dir='ltr'>verborum</span> <span class='ocrx_word' id='word_1_85' title='bbox 469 2024 643 2111; x_wconf 89' lang='lat' dir='ltr'>junctura</span> <span class='ocrx_word' id='word_1_86' title='bbox 662 2029 827 2112; x_wconf 88' lang='lat' dir='ltr'>mentem</span> <span class='ocrx_word' id='word_1_87' title='bbox 845 2025 1057 2114; x_wconf 86' lang='lat' dir='ltr'>percellere.</span> <span class='ocrx_word' id='word_1_88' title='bbox 1081 2025 1209 2094; x_wconf 89' lang='lat' dir='ltr'>Cicero</span> <span class='ocrx_word' id='word_1_89' title='bbox 1231 2027 1315 2116; x_wconf 90' lang='lat' dir='ltr'>ipse</span> 
     </span>
    </p>
   </div>
   <div class='ocr_carea' id='block_1_9' title="bbox 255 2147 1278 2242">
    <p class='ocr_par' dir='ltr' id='par_1_9' title="bbox 255 2147 1278 2242">
     <span class='ocr_line' id='line_1_16' title="bbox 255 2147 1278 2242; baseline 0.004 -26"><span class='ocrx_word' id='word_1_90' title='bbox 255 2148 396 2217; x_wconf 79' lang='lat' dir='ltr'>dixerat</span> <span class='ocrx_word' id='word_1_91' title='bbox 419 2147 538 2216; x_wconf 87' lang='lat' dir='ltr'>:Cum</span> <span class='ocrx_word' id='word_1_92' title='bbox 556 2152 683 2232; x_wconf 80' lang='lat' dir='ltr'>tacent,</span> <span class='ocrx_word' id='word_1_93' title='bbox 706 2150 866 2217; x_wconf 82' lang='lat' dir='ltr'>clement</span> <span class='ocrx_word' id='word_1_94' title='bbox 888 2149 1024 2239; x_wconf 83' lang='lat' dir='ltr'>(Cutil,</span> <span class='ocrx_word' id='word_1_95' title='bbox 1041 2150 1068 2235; x_wconf 88' lang='grc' dir='ltr'>Ι,</span> <span class='ocrx_word' id='word_1_96' title='bbox 1090 2150 1180 2235; x_wconf 88' lang='lat' dir='ltr'>Vlll,</span> <span class='ocrx_word' id='word_1_97' title='bbox 1203 2152 1278 2242; x_wconf 86' lang='lat'>21).</span> 
     </span>
    </p>
   </div>
   <div class='ocr_carea' id='block_1_10' title="bbox 286 2407 861 2550">
    <p class='ocr_par' dir='ltr' id='par_1_10' title="bbox 286 2407 861 2550">
     <span class='ocr_line' id='line_1_17' title="bbox 286 2407 861 2474; baseline -0.003 -16"><span class='ocrx_word' id='word_1_98' title='bbox 286 2409 319 2474; x_wconf 89' lang='lat' dir='ltr'>(l)</span> <span class='ocrx_word' id='word_1_99' title='bbox 337 2409 367 2457; x_wconf 88' lang='lat' dir='ltr'>V.</span> <span class='ocrx_word' id='word_1_100' title='bbox 387 2407 492 2472; x_wconf 75' lang='lat' dir='ltr'>Regnier</span> <span class='ocrx_word' id='word_1_101' title='bbox 504 2408 587 2471; x_wconf 82' lang='lat' dir='ltr'>(opere</span> <span class='ocrx_word' id='word_1_102' title='bbox 602 2408 697 2472; x_wconf 83' lang='lat' dir='ltr'>citato),</span> <span class='ocrx_word' id='word_1_103' title='bbox 715 2424 738 2470; x_wconf 82' lang='lat' dir='ltr'>p.</span> <span class='ocrx_word' id='word_1_104' title='bbox 753 2409 805 2467; x_wconf 79' lang='lat'>118,</span> <span class='ocrx_word' id='word_1_105' title='bbox 821 2424 861 2470; x_wconf 88' lang='lat' dir='ltr'>sq.</span> 
     </span>
     <span class='ocr_line' id='line_1_18' title="bbox 286 2484 657 2550; baseline 0 -18"><span class='ocrx_word' id='word_1_106' title='bbox 286 2486 319 2549; x_wconf 72' lang='grc' dir='ltr'>(Ξ)</span> <span class='ocrx_word' id='word_1_107' title='bbox 337 2487 363 2534; x_wconf 89' lang='lat' dir='ltr'>V.</span> <span class='ocrx_word' id='word_1_108' title='bbox 378 2485 492 2550; x_wconf 76' lang='lat' dir='ltr'>Regnier,</span> <span class='ocrx_word' id='word_1_109' title='bbox 510 2499 537 2547; x_wconf 90' lang='lat' dir='ltr'>p.</span> <span class='ocrx_word' id='word_1_110' title='bbox 553 2484 607 2543; x_wconf 74' lang='lat' dir='ltr'>leo,</span> <span class='ocrx_word' id='word_1_111' title='bbox 621 2499 657 2545; x_wconf 87' lang='lat' dir='ltr'>sq.</span> 
     </span>
    </p>
   </div>
   <div class='ocr_carea' id='block_1_11' title="bbox 0 0 1576 5084">
    <p class='ocr_par' dir='ltr' id='par_1_11' title="bbox 0 0 1576 5084">
     <span class='ocr_line' id='line_1_19' title="bbox 0 0 1576 5084; baseline 0 0"><span class='ocrx_word' id='word_1_112' title='bbox 0 0 1576 5084; x_wconf 95' lang='lat' dir='ltr'> </span> 
     </span>
    </p>
   </div>
  </div>
 </body>
</html>
