3142 5084
700 403 880 469 -111-

301 571 552 658 Quamobrem
585 573 710 643 nescio
742 593 790 641 an
819 573 929 662 plane
956 569 1124 638 assentiri
1154 568 1311 638 debeam

259 700 438 771 Goelzerio
455 701 590 771 dicenti
607 702 687 770 haec
707 723 751 770 er
770 700 1013 769 Hebraeorum
1033 699 1156 786 lingua
1173 697 1211 763 in
1233 695 1312 763 lati-

257 851 344 899 nam
352 851 418 919 per
425 830 690 898 ecclesiasticos
699 830 895 918 scriptores
911 823 1313 915 defluxisse(1).Fateor

260 979 338 1026 esse
360 956 475 1026 multa
498 957 536 1024 in
555 961 678 1025 vetere
696 961 916 1024 testamento
938 954 1032 1038 loca,
1049 953 1113 1021 ubi
1134 953 1239 1041 quasi
1259 953 1313 1021 lu-

260 1084 329 1153 dus
343 1085 500 1175 genetivi
512 1081 813 1173 deprehenditur,
829 1083 923 1150 sicut
939 1081 1079 1149 vanitas
1096 1080 1311 1165 vanitatum,

258 1233 365 1303 nupoe
391 1231 585 1301 nuptarum,
606 1216 749 1279 conclus
768 1215 989 1294 sanctorum,
1011 1230 1076 1277 rece
1095 1229 1222 1299 rapum
1248 1206 1310 1298 (2),

258 1341 339 1422 etc,
354 1341 389 1404 et
401 1335 472 1404 alia
489 1335 640 1423 quidem
658 1335 781 1402 minus
792 1333 989 1402 insolentia
1005 1338 1045 1400 ut
1058 1333 1204 1423 spiritus
1218 1353 1314 1400 erro-

257 1464 319 1551 ris,
338 1464 446 1532 uerbo
461 1463 610 1553 peccati,
630 1462 777 1531 verbum
791 1463 928 1544 solutis,
948 1484 1108 1551 quorum
1129 1463 1314 1530 similiain

256 1591 384 1680 gallica
399 1590 523 1680 lingua
537 1591 721 1679 permulta
734 1595 971 1678 usurpantur.
991 1590 1124 1658 Nonne
1140 1589 1314 1678 quaedam

257 1718 413 1786 istorum
440 1717 681 1785 inveniuntur
700 1738 849 1806 quoque
869 1715 969 1805 apud
996 1737 1126 1784 omnes
1154 1716 1315 1804 cujusvis

258 1845 374 1913 aetatis
389 1845 586 1933 scriptores
601 1844 736 1912 latinos
756 1844 820 1931 qui
841 1843 1014 1912 dicebant
1032 1842 1169 1931 pariter
1192 1865 1198 1909 :
1222 1863 1316 1930 puer

222 2013 225 2018 -
259 1969 395 2058 optimu
411 1969 541 2054 indole,
565 1990 658 2058 puer
673 1969 819 2058 optimae
838 1968 980 2052 indolis,
1008 1974 1044 2036 et
1064 1968 1183 2037 decem
1204 1991 1316 2037 unno-

258 2117 340 2164 rum
355 2117 460 2185 puer,
479 2102 546 2164 etc.
565 2096 732 2163 Liberior
747 2102 870 2163 autem
891 2096 930 2162 in
950 2094 1028 2163 dies
1043 2096 1111 2163 fuit
1131 2096 1191 2164 hic
1209 2116 1316 2186 gene-

258 2224 322 2292 tivi
346 2245 434 2291 usus
459 2224 559 2312 apud
589 2223 789 2292 deteriores
817 2224 1035 2312 scriptores;
1065 2224 1199 2309 immo,
1230 2246 1315 2292 cum

257 2350 346 2419 boni
362 2356 531 2419 auctores
546 2351 585 2417 in
600 2351 673 2417 illis
693 2352 884 2419 sententiis
904 2352 1072 2440 genetivo
1089 2350 1315 2439 adjectivum

258 2500 405 2568 semper
420 2477 662 2568 adjungerent
676 2478 739 2567 (3),
763 2478 885 2545 caeteri
902 2479 1112 2566 genetivum
1129 2477 1315 2565 qualitatis

259 2607 398 2696 ubique
418 2606 562 2673 nomini
578 2605 807 2672 substantivo
826 2605 905 2670 sine
923 2603 1104 2691 adjectivo
1121 2604 1317 2692 conjunge-

259 2732 365 2818 bant;
384 2731 485 2820 quod
499 2731 640 2820 vulgari
657 2731 912 2803 Romanorum
928 2731 1092 2797 sermoni
1106 2728 1214 2798 valde
1229 2730 1318 2797 arri-

261 2860 352 2928 sisse
372 2865 513 2927 certum
534 2866 599 2927 cst.

307 2997 342 3087 b)
365 2998 412 3066 At
430 2999 522 3065 nihil
543 2999 658 3087 magis
677 2997 822 3066 videtur
838 2999 1032 3088 proprium
1048 2997 1220 3065 africanae
1235 2997 1318 3065 lati-

261 3126 384 3195 nitatis
412 3127 524 3193 fuisse
555 3147 668 3215 quam
699 3127 887 3215 genetivus
916 3126 1059 3193 nomini
1089 3126 1317 3192 substantivo

260 3253 361 3322 idem
387 3253 608 3342 significanti
636 3254 868 3341 conjunctus,
899 3252 968 3320 Tot
996 3252 1097 3319 fuere
1133 3253 1236 3318 istius
1265 3252 1317 3319 rei

263 3378 432 3467 exempla
451 3377 551 3467 apud
571 3376 693 3462 Alma,
722 3399 837 3467 eaque
861 3383 936 3445 tam
958 3378 1010 3444 eis
1031 3376 1243 3444 communia
1264 3381 1315 3459 ut,

263 3524 349 3572 cum
363 3504 586 3593 paucissima
606 3504 705 3592 apud
726 3510 943 3572 caeterarum
959 3505 1151 3593 regionum
1167 3504 1318 3592 scripto·

262 3650 320 3697 res
341 3631 590 3719 reperirentur
612 3629 675 3720 (4),
703 3630 784 3698 haec
802 3630 1002 3725 verborum
1022 3627 1268 3697 redundantia
1297 3650 1318 3696 a

294 3879 327 3944 (l)
346 3881 461 3940 Goelzer,
476 3880 619 3931 Graarmut.
636 3881 760 3930 observat.
777 3881 804 3930 in
820 3880 893 3944 Sutp.
911 3879 976 3940 Seu,
998 3897 1020 3944 p.
1035 3882 1076 3930 ta.

293 3954 326 4020 (2)
344 3958 374 4006 V.
391 3958 446 4005 Karl
460 3957 523 4005 Sitti.
544 3957 606 4020 (loco
618 3957 713 4021 citato),
728 3972 755 4018 p.
774 3956 813 4017 at,
827 3957 869 4006 95.

295 4031 330 4095 (3)
347 4032 403 4081 Vid.
419 4032 531 4093 nomine,
549 4031 661 4096 Syntoxe
675 4033 760 4091 lutiae,
778 4047 803 4094 p.
816 4035 854 4092 78,
871 4047 907 4093 sq.

293 4104 327 4167 (4)
345 4108 412 4154 lnter
425 4107 502 4153 multa
516 4105 646 4154 latinitatis
660 4105 799 4167 Hieronymi
822 4105 936 4166 exempla
958 4118 1014 4166 quae
1031 4103 1115 4153 retulit
1139 4105 1170 4154 ll.
1190 4104 1319 4154 Goelzerius

263 4175 361 4222 nullum
378 4174 498 4236 ejusmodi
515 4176 655 4237 exemplum
677 4176 768 4223 inveni.
791 4176 902 4224 (litantur
916 4177 970 4225 haec
989 4177 1047 4224 Aul.
1073 4175 1165 4225 Gellii:
1183 4175 1232 4238 (xl,
1250 4176 1271 4234 l,
1295 4177 1318 4238 θ)

261 4250 367 4313 paenuio
378 4250 482 4308 ttruttae5
497 4252 558 4314 (xil,
572 4251 593 4311 l,
605 4251 629 4314 7)
641 4251 718 4299 attero
730 4264 901 4299 mammarum
914 4265 922 4309 ;
938 4252 990 4313 llll,
1005 4251 1042 4310 10,
1054 4251 1078 4313 4)
1090 4249 1239 4300 discrimino
1246 4251 1319 4314 peri-

265 4326 392 4376 culorum.
411 4353 442 4362 —
455 4328 482 4376 V.
494 4327 650 4377 aclutacio·
660 4325 706 4388 fiir
719 4325 793 4375 cluss.
812 4325 950 4388 Philoton,
962 4327 1030 4387 1882,
1042 4341 1069 4389 p.
1089 4326 1144 4376 185.
