3142 5084
711 453 872 516 ..71-

266 623 456 694 celerrime
469 625 736 713 componeret?
749 623 806 711 At,
824 625 958 711 hercle,
972 626 1002 694 si
1013 627 1181 695 brevitati
1197 627 1318 699 solum

266 752 416 838 studuit,
434 745 558 822 nescio
579 774 645 821 eur
663 775 890 844 supervacua
910 754 1083 844 quaedam
1103 755 1320 847 explanave-

265 883 323 968 rit,
340 881 434 950 facta
449 886 586 965 autem,
599 887 640 949 ut
654 880 780 950 videre
796 887 861 967 est,
878 885 1067 953 mentione
1088 882 1197 974 digna
1211 883 1319 953 silen-

267 1010 318 1079 tio
337 1009 625 1099 praetermiserit.
1253 1085 1257 1092 ‚

306 1136 381 1205 ‘Sed
400 1136 674 1226 perpendamus
702 1137 890 1226 praecipua
922 1138 1078 1208 Victoris
1111 1139 1195 1208 libri
1221 1141 1314 1211 loca.

264 1264 382 1352 Hujus
401 1263 486 1332 libri
505 1264 653 1332 initium
673 1265 872 1353 abruptum
893 1270 946 1333 est
966 1273 1000 1334 et
1015 1269 1094 1336 sine
1110 1273 1187 1337 arte
1206 1269 1319 1358 scrip-

263 1396 355 1459 tum.
372 1389 559 1459 Victorem
576 1409 664 1457 sane
685 1410 762 1457 non
780 1391 997 1478 vituperabo
1014 1391 1127 1481 quod,
1144 1399 1184 1461 ut
1203 1395 1318 1462 moris

264 1522 318 1586 est
332 1515 570 1584 historiarum
584 1515 835 1604 scriptoribus
849 1515 895 1584 de
910 1516 1163 1587 Vandalorum
1178 1520 1318 1610 origine

264 1649 299 1711 et
318 1642 484 1710 moribus
505 1647 540 1709 et
560 1640 606 1709 de
626 1645 758 1710 eventu
777 1664 850 1731 quo
867 1642 919 1709 illi
935 1644 973 1709 in
988 1642 1148 1711 Africam
1168 1645 1318 1735 impulsi

263 1775 360 1856 sunt,
377 1791 454 1837 non
469 1768 614 1838 locutus
630 1755 694 1837 est.
713 1768 885 1838 Attamen
900 1791 1029 1838 eorum
1049 1770 1213 1839 indolem
1229 1794 1318 1861 pau-

262 1898 314 1966 cis
333 1897 454 1966 verbis
475 1896 672 1987 depingere
691 1918 768 1964 non
788 1897 853 1965 abs
880 1918 919 1964 re
938 1897 1076 1981 fuisset,
1099 1902 1138 1965 ut
1158 1899 1251 1966 nihil
1271 1899 1317 1968 de

259 2024 428 2114 personis
447 2023 622 2090 lectorem
641 2023 791 2111 fugeret,
813 2026 1012 2111 antequam
1032 2024 1071 2089 in
1092 2044 1242 2091 scenam
1263 2024 1318 2091 in-

260 2151 492 2221 ducerentur.
501 2149 543 2216 In
559 2148 630 2252 hoc
642 2152 765 2216 autem
778 2147 863 2215 libri
877 2148 972 2233 loco,
984 2170 1108 2216 rerum
1119 2149 1317 2238 descriptio

259 2281 401 2352 incerta
418 2284 471 2346 est
487 2282 521 2345 et
532 2278 637 2366 quasi
653 2276 855 2345 incondita.
870 2275 991 2360 Quam
1003 2279 1102 2346 viam
1113 2280 1227 2346 secuti
1241 2280 1317 2348 fue-

259 2408 333 2476 rint
352 2406 506 2496 ingressi
521 2404 681 2472 Africam
697 2404 867 2490 Vandali,
886 2407 1038 2474 ubinam
1055 2407 1202 2494 rapinas
1218 2429 1317 2474 exer-

258 2556 341 2604 cere
360 2532 577 2621 inceperint,
602 2553 735 2621 parurn
756 2537 1001 2620 compertum.
1026 2532 1061 2600 Si
1082 2532 1250 2600 Possidio
1265 2533 1316 2622 (1)

258 2659 398 2744 oredaS,
423 2658 697 2746 hipponensem
717 2659 907 2747 regionem
927 2657 979 2724 illi
999 2658 1162 2746 primum
1190 2657 1316 2726 devas-

257 2793 391 2872 tavere,
405 2785 506 2875 quod
525 2791 650 2853 tacens
667 2785 803 2870 Victor,
822 2784 868 2853 de
886 2784 979 2853 AEde
995 2786 1183 2854 Memoriae
1200 2791 1234 2854 et
1248 2785 1315 2855 Via

258 2915 417 3000 Coelesti,
436 2936 519 3004 quae
540 2913 759 3004 Carthagine
775 2919 892 2999 erant,
908 2913 1075 2982 funditus
1095 2916 1241 2999 eversiS,
1260 2916 1314 2982 lo-

257 3044 362 3110 cutus
390 3045 454 3125 est,
478 3044 677 3129 antequam
703 3039 749 3108 de
769 3039 982 3129 Hipporegii
1004 3039 1198 3108 obsidione
1218 3046 1253 3108 et
1269 3040 1315 3109 de

257 3174 363 3256 capta
385 3189 406 3236 a
431 3165 640 3252 Genserico,
670 3171 753 3257 post
778 3167 920 3255 aliquot
944 3188 1073 3251 annoS,
1096 3167 1314 3256 Carthagine

257 3295 486 3363 mentionem
506 3294 602 3362 fecit.

300 3421 414 3488 Multa
434 3421 516 3488 sine
536 3420 667 3489 ordine
686 3421 827 3510 pariter
846 3421 979 3508 scripta
995 3421 1032 3487 in
1048 3420 1203 3489 Victoris
1219 3421 1313 3488 libro

257 3547 537 3636 deprehendere
557 3552 622 3615 est.
646 3547 698 3614 lta
719 3546 781 3613 alii
806 3546 886 3613 aliis
911 3547 1185 3636 conjunguntur
1203 3548 1249 3614 ab
1270 3569 1313 3615 eo

256 3681 420 3759 eventus,
430 3679 470 3742 ut
480 3673 629 3742 credere
642 3674 761 3762 possis
769 3674 866 3741 inter
877 3695 939 3741 eos
955 3674 1126 3762 exiguum
1136 3675 1314 3763 temporis

254 3806 434 3892 punctum
454 3803 716 3869 intercessisse.
739 3800 797 3869 Sic
814 3802 995 3889 protinus,
1017 3806 1100 3890 post
1125 3802 1314 3871 obsessam

255 3929 469 4018 Hipponem
491 3927 589 4019 (430)
600 3935 746 4017 captam
759 3928 1015 4019 Carthaginem
1032 3934 1311 4014 commemorat,

255 4057 427 4147 quamvis
448 4057 528 4125 haec
548 4058 636 4125 urbs
660 4061 743 4145 post
762 4078 898 4125 novem
922 4079 1040 4125 annos
1065 4059 1105 4125 in
1127 4057 1314 4127 Vandalo-

255 4206 342 4253 rum
363 4184 544 4253 ditionem
567 4185 708 4252 venerit
726 4182 833 4274 (439).
855 4183 974 4274 Atque
998 4191 1195 4274 postquam
1214 4185 1315 4253 locu-

286 4459 318 4523 (l)
336 4457 466 4516 Possidius,
487 4471 543 4522 cap.
563 4457 605 4508 28.
623 4456 1055 4523 Patrol.lac.,t.xxtt11(col.3l,
1073 4457 1126 4523 sq.)
