3142 5084
717 477 898 540 -119-
1023 522 1025 525 -

220 702 228 708 ,
272 640 602 814 (IINgenp(si)alterius
619 662 639 704 u
651 647 745 726 patre
758 648 926 726 (zquam
939 650 1047 728 pater)
1059 645 1262 710 substantiae
1273 644 1330 710 est'

317 784 327 816 ‚
458 785 465 798 .

315 852 361 920 At
394 858 521 922 contra
547 854 664 922 multa
684 862 768 922 sunt
789 856 957 945 exempla
972 857 1072 946 apud
1088 858 1179 925 alios
1194 858 1324 928 Africae

273 983 470 1072 scriptores
494 1004 500 1048 :

312 1105 411 1188 Cypr.
436 1105 540 1188 (epist.
557 1108 609 1183 77)
628 1130 633 1170 :
651 1107 677 1169 A
699 1107 872 1169 centesimo
892 1108 1034 1189 promto
1058 1108 1194 1189 minor3
1219 1110 1321 1174 Com-

272 1199 364 1262 mod.
382 1199 489 1281 (Apol.
506 1201 559 1277 97)
577 1223 583 1262 ;
601 1199 746 1263 Minoris
763 1201 925 1283 potentiae
945 1221 1030 1278 use3
1047 1202 1196 1266 Cerealis
1217 1205 1321 1280 (Patr.

270 1291 569 1467 {32038-231'55)
587 1314 593 1353 :
611 1291 767 1354 Priorem
783 1312 804 1355 u
814 1296 909 1374 putre
933 1293 1045 1375 (§1b);
1067 1295 1178 1377 major
1192 1315 1213 1357 u
1230 1300 1325 1380 patre

314 1514 352 1604 d)
378 1515 549 1604 Denique
569 1536 841 1604 supervacanea
869 1519 1020 1605 ponitur
1045 1520 1259 1609 praepositio
1287 1543 1321 1605 u,

268 1642 308 1710 in
334 1641 558 1731 quibusdam
584 1643 699 1711 locis:
723 1643 913 1712 Saturatus
937 1646 982 1714 ab
1003 1648 1168 1714 ubertate
1190 1646 1323 1715 domus

268 1768 309 1859 (1,
331 1769 413 1858 41);
436 1791 458 1838 u
477 1770 620 1837 lumine
634 1771 829 1859 temporali
849 1773 981 1860 privati
996 1773 1054 1862 (ll,
1072 1773 1141 1863 26).

771 1951 824 2017 De

313 2096 439 2165 Latior
456 2098 525 2165 fuit
547 2099 587 2164 in
614 2097 693 2167 dies
713 2099 866 2187 hujusce
885 2101 1076 2190 particulae
1101 2123 1200 2186 usus,
1231 2107 1322 2170 tem-

265 2245 357 2314 pore
373 2246 447 2313 quo
462 2224 752 2294 declinationum
762 2227 891 2294 formae
906 2227 1193 2317 negligebantur.
1212 2229 1320 2318 Apud

267 2349 464 2435 Victorem,
486 2352 691 2439 praesertim
711 2352 750 2418 in
776 2353 910 2421 Nolitiu
933 2354 1219 2444 prouinciarum,
1243 2377 1319 2422 non

266 2478 387 2548 solum
416 2499 502 2547 cum
530 2480 691 2548 ablativo
720 2502 866 2549 causum
905 2487 940 2549 et
973 2483 1147 2572 oriqinem
1185 2483 1319 2571 signifi-

264 2612 381 2692 cante,
404 2606 605 2675 sedetiam
628 2629 696 2696 pro
724 2609 891 2696 genetivo
918 2595 1079 2697 ponitur,
1110 2608 1210 2698 quod
1236 2610 1318 2698 qui-

264 2731 350 2801 dem
378 2734 418 2801 in
447 2754 516 2801 usu
546 2754 624 2801 esse
658 2740 820 2822 coeperat
844 2733 943 2822 apud
971 2755 1092 2802 aureae
1127 2735 1317 2802 latinitatis

264 2866 431 2929 auctores
463 2860 527 2949 qui
557 2859 758 2928 dicebant:
790 2855 904 2928 homo
934 2862 976 2928 de
1005 2861 1107 2951 plebe
1133 2892 1176 2920 :
1202 2862 1316 2929 homo

261 2987 391 3077 plebis
415 2992 483 3055 etc.

301 3109 486 3174 Villaticus
502 3110 542 3172 de
567 3110 660 3173 Curis
682 3111 852 3174 Medianis
871 3112 956 3189 (Not.
975 3113 1031 3176 Pr.
1055 3113 1094 3175 N.
1116 3114 1179 3189 29).
1203 3111 1316 3175 Vlcto-

259 3203 357 3268 rinus
372 3204 413 3267 de
427 3203 520 3267 Noua
535 3203 680 3266 Caesaris
696 3204 794 3281 (ibid.
812 3207 875 3282 31).
895 3205 1096 3268 Victorinus
1119 3205 1158 3267 de
1176 3205 1316 3268 Castello

259 3297 437 3361 Tituliano
452 3297 551 3376 (ibid.
570 3299 633 3374 51).
651 3299 865 3362 Fructuosus
881 3300 920 3361 de
947 3299 1025 3361 Giru
1041 3297 1194 3361 Marcelli
1214 3298 1312 3375 (ibid.

259 3394 321 3469 52).
339 3390 570 3454 Martinianus
582 3391 621 3452 de
637 3391 723 3453 Foru
736 3392 876 3473 Trajani
893 3393 977 3469 (Nol.
994 3391 1127 3454 Surdirr.
1144 3393 1187 3468 2).
1204 3392 1314 3453 Maca-

259 3484 334 3548 rius
349 3485 390 3547 de
409 3485 570 3547 Minorica
591 3484 688 3561 (ibid.
707 3486 750 3561 4).
777 3485 894 3547 Helias
913 3486 952 3547 de
971 3485 1130 3567 lllnjorr'cu
1152 3483 1251 3560 (ibid.
1269 3487 1311 3560 7).

261 3577 380 3663 Opilio
396 3577 436 3639 de
444 3577 555 3640 Ebuso
569 3577 668 3654 (ibid.
678 3578 721 3653 8).
736 3578 964 3641 Pontificibus
976 3578 1093 3639 deloto
1104 3577 1256 3656 orbe(lll‚
1268 3581 1311 3654 5).

258 3672 405 3738 Fuithic
416 3671 601 3736 Vandalus
611 3671 650 3732 de
666 3671 733 3732 illis
747 3691 835 3754 quos
844 3671 1058 3734 millenarios
1066 3676 1192 3734 vocant
1207 3672 1311 3752 (l,30).

302 3792 482 3881 Jungitur,
507 3796 548 3859 ut
575 3790 767 3879 expletiva,
795 3792 954 3859 ablativo
980 3813 1096 3859 cuusoe
1122 3798 1156 3858 et
1181 3791 1312 3859 instru-

259 3918 371 3987 menti
394 3942 404 3987 :

296 4045 344 4108 De
358 4044 477 4127 quibus
492 4050 697 4134 exacuerent
713 4045 843 4128 stylum
860 4044 989 4127 ingenii
1004 4045 1107 4121 (Prol.
1127 4045 1164 4122 l).
1181 4046 1311 4126 Deque

287 4281 321 4346 (l)
339 4283 484 4345 Exemplum
497 4297 529 4330 ex
544 4283 606 4331 libro
621 4283 678 4331 lldei
693 4284 826 4333 catholicae.
851 4311 880 4319 -
900 4284 937 4332 Cl.
957 4285 1024 4332 Hier.
1048 4287 1111 4346 apud
1123 4285 1225 4332 Goelzer.
1246 4285 1308 4347 (pag.

255 4357 311 4416 336)
325 4374 331 4407 :
347 4359 445 4406 Nostros
456 4373 554 4419 quoque
566 4359 660 4406 animas
675 4372 723 4406 non
737 4358 842 4409 ulterius
855 4358 928 4408 olleo
946 4363 1039 4408 naturae
1050 4373 1102 4408 asse
1119 4361 1257 4410 contendat.

287 4432 320 4498 (a)
339 4433 395 4486 ua.
410 4434 467 4486 usn
482 4433 546 4486 suu.
557 4433 595 4498 (p.
612 4434 668 4495 105,
680 4433 743 4498 squ.
