3142 5084
796 344 869 430 ⁴8¹
920 337 954 381 2¹„

790 459 806 465 ..
829 457 840 467 ,-
879 436 983 479 ζννιμ

814 482 817 491 ι

301 541 552 628 continuoque
569 561 654 606 cum
670 538 997 627 Romaeepiacopis
1017 545 1051 606 et
1067 540 1147 607 aliis
1163 541 1263 608 orbis
1282 547 1354 608 ter-

300 689 425 736 rarum
441 666 650 734 christianae
669 666 856 756 religionis
871 667 1113 734 assertoribus
1129 670 1353 737 commercio

300 794 457 863 assecuti
478 798 593 861 erant.

344 922 432 989 Haec
459 922 546 988 satis
566 921 651 1005 sint,
684 941 730 988 ne
750 923 956 1008 postremas
984 917 1158 986 Ecclesiae
1183 919 1355 988 africanae

300 1049 527 1118 calamitates
546 1047 783 1136 potissimum
797 1051 1022 1130 narraturuS,
1045 1046 1084 1112 in
1096 1047 1173 1135 ejus
1184 1046 1355 1116 felicitate

302 1182 337 1246 et
351 1178 466 1267 gloria
486 1175 744 1245 adumbranda
764 1176 955 1243 immorari
970 1174 1108 1243 videar.
1130 1188 1134 1193 ·

344 1303 476 1372 Nullus
505 1304 640 1371 exstitit
669 1302 842 1391 populus,
875 1302 938 1389 qui
964 1301 1119 1369 celerius
1139 1323 1252 1390 quam
1279 1302 1355 1369 Afri

299 1431 487 1498 fortunam
503 1435 537 1498 et
556 1430 763 1498 libertatem
788 1429 962 1495 amiserit.
984 1427 1094 1516 Apud
1117 1428 1356 1498 historiarum
1410 1426 1411 1430 ’

301 1554 497 1642 scriptores
512 1552 638 1620 videre
655 1556 709 1620 est
728 1556 852 1640 gentes
872 1569 1057 1639 regnaque
1076 1552 1240 1639 primum
1257 1551 1357 1620 debi-

299 1682 401 1749 litata
417 1685 451 1748 et
465 1680 694 1765 labefactata,
713 1679 886 1768 denique,
905 1677 1160 1745 deficientibus
1175 1679 1354 1767 paulatim

300 1810 453 1892 viribuS,
470 1808 690 1876 corruentia.
707 1807 906 1894 Dissimilis
922 1805 1074 1895 quidem
1088 1805 1218 1874 Africae
1235 1808 1353 1874 ruina.

303 1935 397 2005 Cum
411 1936 475 2003 illa
485 1936 678 2024 provincia
696 1958 712 2000 «
728 1935 852 2024 quieta
864 1939 898 2002 et
912 1939 1042 2022 pacata
1054 1933 1105 2024 (1)
1123 1957 1152 2017 r,
1169 1939 1209 2000 ut
1219 1936 1269 2001 ait
1277 1935 1357 2003 Vic-

301 2068 370 2149 tor,
387 2064 475 2131 luxu
496 2061 806 2150 splendidissima,
830 2061 1004 2127 omnibus
1024 2061 1219 2128 maritimis
1247 2067 1357 2130 terre-

302 2193 433 2280 nisque
444 2190 584 2258 deliciis
598 2188 822 2273 abundabat,
836 2193 933 2272 tum,
941 2188 1063 2255 futura
1079 2190 1229 2257 nemine
1245 2191 1357 2257 refor-

301 2318 467 2386 midante
490 2322 553 2385 aut
572 2316 831 2406 prospiciente,
864 2336 907 2382 ex
927 2314 990 2382 illo
1010 2315 1168 2383 fortunae
1197 2318 1354 2406 fastigio,

302 2447 397 2514 intra
411 2467 551 2535 paucos
571 2445 661 2530 dies,
680 2446 718 2511 in
739 2444 866 2521 omnia
882 2444 1134 2511 calamitatum
1165 2451 1199 2512 et
1219 2467 1354 2513 aerum-

302 2595 436 2642 narum
455 2593 588 2662 genera
609 2572 759 2660 delapsa
780 2577 856 2657 est,
879 2592 1050 2659 cumque,
1075 2570 1226 2640 devictis
1243 2572 1358 2640 baere-

302 2701 383 2766 ticis
399 2721 475 2766 non
495 2700 616 2765 solum
632 2697 805 2765 Ecclesiae
826 2696 891 2764 sed
910 2698 980 2785 ipsi
1000 2697 1131 2764 Africae
1155 2698 1357 2766 infensissi-

303 2825 385 2909 mis,
408 2824 571 2892 Ecclesia
597 2825 758 2891 africana
779 2845 817 2891 se
836 2828 963 2912 postea
984 2825 1030 2891 ab
1055 2825 1158 2890 omni
1184 2826 1357 2893 intestino

303 2953 402 3021 malo
423 2958 541 3020 tutam
563 2952 641 3019 fore
667 2952 849 3040 sperabat,
877 2972 961 3018 ecce
986 2952 1107 3018 subito
1133 2954 1290 3019 occurrit
1316 2975 1359 3020 ex

303 3081 481 3170 Hispania
507 3078 695 3148 Vandalus
724 3078 851 3161 lrostiS,
884 3078 1054 3144 omnium
1088 3078 1359 3148 Germanorum

305 3207 595 3289 crudelissimus
609 3205 844 3293 Africamque
855 3204 894 3270 in
906 3225 1012 3271 suam
1024 3204 1203 3271 ditionem
1214 3204 1356 3295 redigit,

305 3341 339 3403 et
353 3356 420 3424 per
435 3338 584 3402 centum
598 3353 727 3415 annos,
749 3337 788 3398 ut
808 3332 856 3399 ita
880 3331 1015 3416 dicam,
1033 3331 1191 3420 pedibus
1208 3334 1356 3421 procul-

305 3469 374 3530 cat.
388 3461 514 3528 Tantis
525 3461 634 3549 igitur
643 3459 871 3542 vulneribus
888 3480 931 3526 ea
945 3464 1174 3548 tempestate,
1190 3459 1358 3527 confossa

305 3593 358 3655 est
384 3586 560 3669 Ecclesia,
583 3590 622 3652 ut
647 3585 722 3669 diu,
749 3584 807 3651 vel
828 3589 911 3672 post
939 3584 1110 3672 expulsos
1137 3606 1157 3652 a
1181 3585 1358 3652 Belisario

303 3714 501 3798 VandaloS,
520 3713 654 3781 afflicta
664 3713 834 3800 jacuerit,
853 3712 1019 3800 nihilque
1035 3711 1148 3796 aliud,
1164 3733 1357 3802 resurgens

305 3843 373 3909 sub
382 3839 1233 3930 Byzantinorumdominatione,recuperaverit,
1243 3863 1356 3930 quam

303 3967 448 4056 pristini
464 3965 671 4055 splendoris
687 3966 872 4033 umbram.

337 4254 370 4318 (n
390 4253 449 4302 vat.
467 4253 522 4311 ra,
540 4255 556 4312 1,
572 4252 595 4301 1.
