<?xml version="1.0" encoding="UTF-8"?>
<!DOCTYPE html PUBLIC "-//W3C//DTD XHTML 1.0 Transitional//EN"
    "http://www.w3.org/TR/xhtml1/DTD/xhtml1-transitional.dtd">
<html xmlns="http://www.w3.org/1999/xhtml" xml:lang="en" lang="en">
 <head>
  <title>
</title>
<meta http-equiv="Content-Type" content="text/html;charset=utf-8" />
  <meta name='ocr-system' content='tesseract 3.04.00' />
  <meta name='ocr-capabilities' content='ocr_page ocr_carea ocr_par ocr_line ocrx_word'/>
</head>
<body>
  <div class='ocr_page' id='page_1' title='image "./devictorisviten00ferrgoog_0152.png"; bbox 0 0 3142 5084; ppageno 0'>
   <div class='ocr_carea' id='block_1_1' title="bbox 633 423 815 486">
    <p class='ocr_par' dir='ltr' id='par_1_1' title="bbox 633 423 815 486">
     <span class='ocr_line' id='line_1_1' title="bbox 633 423 815 486; baseline -0.005 -15"><span class='ocrx_word' id='word_1_1' title='bbox 633 423 815 486; x_wconf 62' lang='lat'><strong><em>..143-</em></strong></span> 
     </span>
    </p>
   </div>
   <div class='ocr_carea' id='block_1_2' title="bbox 240 591 1128 683">
    <p class='ocr_par' dir='ltr' id='par_1_2' title="bbox 240 591 1128 683">
     <span class='ocr_line' id='line_1_2' title="bbox 240 591 1128 683; baseline -0.003 -23"><span class='ocrx_word' id='word_1_2' title='bbox 240 592 649 683; x_wconf 80' lang='lat' dir='ltr'>plusquamperfectum</span> <span class='ocrx_word' id='word_1_3' title='bbox 669 592 893 681; x_wconf 77' lang='lat' dir='ltr'>subjunctivi</span> <span class='ocrx_word' id='word_1_4' title='bbox 912 596 996 681; x_wconf 92' lang='lat' dir='ltr'>post</span> <span class='ocrx_word' id='word_1_5' title='bbox 1016 591 1102 658; x_wconf 92' lang='lat' dir='ltr'>dum</span> <span class='ocrx_word' id='word_1_6' title='bbox 1122 612 1128 657; x_wconf 91' lang='lat'>:</span> 
     </span>
    </p>
   </div>
   <div class='ocr_carea' id='block_1_3' title="bbox 195 715 1246 895">
    <p class='ocr_par' dir='ltr' id='par_1_3' title="bbox 195 715 1246 895">
     <span class='ocr_line' id='line_1_3' title="bbox 295 715 1244 797; baseline -0.005 -14.288"><span class='ocrx_word' id='word_1_7' title='bbox 295 718 365 796; x_wconf 83' lang='lat' dir='ltr'>Qui</span> <span class='ocrx_word' id='word_1_8' title='bbox 388 723 472 797; x_wconf 84' lang='lat' dir='ltr'>(rex)</span> <span class='ocrx_word' id='word_1_9' title='bbox 498 719 579 781; x_wconf 92' lang='lat' dir='ltr'>dum</span> <span class='ocrx_word' id='word_1_10' title='bbox 606 718 651 782; x_wconf 90' lang='lat' dir='ltr'>ad</span> <span class='ocrx_word' id='word_1_11' title='bbox 678 716 933 780; x_wconf 83' lang='lat' dir='ltr'>Maxulitanum</span> <span class='ocrx_word' id='word_1_12' title='bbox 961 715 1060 779; x_wconf 87' lang='lat' dir='ltr'>littus</span> <span class='ocrx_word' id='word_1_13' title='bbox 1089 715 1244 778; x_wconf 80' lang='lat' dir='ltr'><strong><em>exisset...</em></strong></span> 
     </span>
     <span class='ocr_line' id='line_1_4' title="bbox 195 808 1246 895; baseline -0.005 -18"><span class='ocrx_word' id='word_1_14' title='bbox 195 832 375 877; x_wconf 88' lang='lat' dir='ltr'>occurrere</span> <span class='ocrx_word' id='word_1_15' title='bbox 397 812 463 877; x_wconf 91' lang='lat' dir='ltr'>visi</span> <span class='ocrx_word' id='word_1_16' title='bbox 485 818 566 876; x_wconf 90' lang='lat' dir='ltr'>sunt</span> <span class='ocrx_word' id='word_1_17' title='bbox 587 811 822 895; x_wconf 82' lang='lat' dir='ltr'>supplicantes</span> <span class='ocrx_word' id='word_1_18' title='bbox 836 811 874 890; x_wconf 99' lang='grc' dir='ltr'>(Ι,</span> <span class='ocrx_word' id='word_1_19' title='bbox 893 812 954 888; x_wconf 89' lang='grc'>17).</span> <span class='ocrx_word' id='word_1_20' title='bbox 1025 810 1114 873; x_wconf 88' lang='lat' dir='ltr'>Dum</span> <span class='ocrx_word' id='word_1_21' title='bbox 1129 808 1246 872; x_wconf 92' lang='lat' dir='ltr'>obitus</span> 
     </span>
    </p>
   </div>
   <div class='ocr_carea' id='block_1_4' title="bbox 135 904 1246 1076">
    <p class='ocr_par' dir='ltr' id='par_1_4' title="bbox 135 904 1246 1060">
     <span class='ocr_line' id='line_1_5' title="bbox 195 904 1246 988; baseline -0.003 -20"><span class='ocrx_word' id='word_1_22' title='bbox 195 907 385 988; x_wconf 86' lang='lat' dir='ltr'>obuenisset,</span> <span class='ocrx_word' id='word_1_23' title='bbox 404 928 476 970; x_wconf 92' lang='lat' dir='ltr'>non</span> <span class='ocrx_word' id='word_1_24' title='bbox 490 905 617 971; x_wconf 77' lang='lat' dir='ltr'>licebat</span> <span class='ocrx_word' id='word_1_25' title='bbox 631 906 719 969; x_wconf 91' lang='lat' dir='ltr'>alios</span> <span class='ocrx_word' id='word_1_26' title='bbox 733 905 888 969; x_wconf 91' lang='lat' dir='ltr'>ordinari</span> <span class='ocrx_word' id='word_1_27' title='bbox 903 905 942 984; x_wconf 92' lang='grc' dir='ltr'>(Ι,</span> <span class='ocrx_word' id='word_1_28' title='bbox 958 906 1062 983; x_wconf 87' lang='lat'><strong><em>23).</em></strong></span> <span class='ocrx_word' id='word_1_29' title='bbox 1069 904 1181 986; x_wconf 80' lang='lat' dir='ltr'>,Dum</span> <span class='ocrx_word' id='word_1_30' title='bbox 1196 921 1246 966; x_wconf 91' lang='lat' dir='ltr'>sa-</span> 
     </span>
     <span class='ocr_line' id='line_1_6' title="bbox 135 981 1245 1076; baseline -0.001 -18"><span class='ocrx_word' id='word_1_31' title='bbox 135 1006 138 1010; x_wconf 76' lang='grc'><strong>’</strong></span> <span class='ocrx_word' id='word_1_32' title='bbox 195 1001 373 1059; x_wconf 80' lang='lat' dir='ltr'>eramenta</span> <span class='ocrx_word' id='word_1_33' title='bbox 387 996 507 1060; x_wconf 93' lang='lat' dir='ltr'>divina</span> <span class='ocrx_word' id='word_1_34' title='bbox 527 1016 570 1060; x_wconf 90' lang='lat' dir='ltr'>ne</span> <span class='ocrx_word' id='word_1_35' title='bbox 592 996 741 1060; x_wconf 87' lang='lat' dir='ltr'>traderet</span> <span class='ocrx_word' id='word_1_36' title='bbox 755 996 950 1076; x_wconf 83' lang='lat' dir='ltr'>dimicasset,</span> <span class='ocrx_word' id='word_1_37' title='bbox 971 994 1055 1058; x_wconf 86' lang='lat' dir='ltr'>foris</span> <span class='ocrx_word' id='word_1_38' title='bbox 1070 981 1245 1059; x_wconf 89' lang='lat' dir='ltr'>civitate...</span> 
     </span>
    </p>
   </div>
   <div class='ocr_carea' id='block_1_5' title="bbox 192 1087 1264 1361">
    <p class='ocr_par' dir='ltr' id='par_1_5' title="bbox 192 1087 1264 1361">
     <span class='ocr_line' id='line_1_7' title="bbox 192 1087 1251 1173; baseline -0.002 -22"><span class='ocrx_word' id='word_1_39' title='bbox 192 1087 311 1170; x_wconf 88' lang='lat' dir='ltr'>jussus</span> <span class='ocrx_word' id='word_1_40' title='bbox 334 1095 384 1153; x_wconf 89' lang='lat' dir='ltr'>est</span> <span class='ocrx_word' id='word_1_41' title='bbox 404 1090 523 1173; x_wconf 85' lang='lat' dir='ltr'>pelli(</span> <span class='ocrx_word' id='word_1_42' title='bbox 511 1090 550 1170; x_wconf 95' lang='grc' dir='ltr'>(Ι</span> <span class='ocrx_word' id='word_1_43' title='bbox 566 1093 666 1168; x_wconf 84' lang='grc'>40)..</span> <span class='ocrx_word' id='word_1_44' title='bbox 674 1089 787 1167; x_wconf 83' lang='lat' dir='ltr'><strong><em>..Qui</em></strong></span> <span class='ocrx_word' id='word_1_45' title='bbox 808 1089 943 1172; x_wconf 87' lang='lat' dir='ltr'>lapides</span> <span class='ocrx_word' id='word_1_46' title='bbox 966 1088 1046 1152; x_wconf 89' lang='lat' dir='ltr'>dum</span> <span class='ocrx_word' id='word_1_47' title='bbox 1061 1088 1251 1151; x_wconf 81' lang='lat' dir='ltr'>cecidissent</span> 
     </span>
     <span class='ocr_line' id='line_1_8' title="bbox 195 1182 1264 1267; baseline 0.005 -22"><span class='ocrx_word' id='word_1_48' title='bbox 195 1182 233 1244; x_wconf 90' lang='lat' dir='ltr'>in</span> <span class='ocrx_word' id='word_1_49' title='bbox 248 1188 377 1246; x_wconf 89' lang='lat' dir='ltr'>terram</span> <span class='ocrx_word' id='word_1_50' title='bbox 380 1184 485 1267; x_wconf 91' lang='lat' dir='ltr'>,plus</span> <span class='ocrx_word' id='word_1_51' title='bbox 500 1182 779 1247; x_wconf 85' lang='lat' dir='ltr'>accendebantur</span> <span class='ocrx_word' id='word_1_52' title='bbox 790 1184 844 1264; x_wconf 92' lang='grc' dir='ltr'>(ΙΙ,</span> <span class='ocrx_word' id='word_1_53' title='bbox 854 1185 955 1261; x_wconf 77' lang='lat'><strong><em>20)...</em></strong></span> <span class='ocrx_word' id='word_1_54' title='bbox 963 1182 1071 1247; x_wconf 84' lang='lat' dir='ltr'>‚Dum</span> <span class='ocrx_word' id='word_1_55' title='bbox 1086 1181 1264 1250; x_wconf 84' lang='lat' dir='ltr'>arianum.</span> 
     </span>
     <span class='ocr_line' id='line_1_9' title="bbox 195 1276 1251 1361; baseline 0 -23"><span class='ocrx_word' id='word_1_56' title='bbox 195 1276 437 1361; x_wconf 90' lang='lat' dir='ltr'>episcopum...</span> <span class='ocrx_word' id='word_1_57' title='bbox 454 1277 500 1341; x_wconf 94' lang='lat' dir='ltr'>ad</span> <span class='ocrx_word' id='word_1_58' title='bbox 514 1277 710 1360; x_wconf 89' lang='lat' dir='ltr'>perdendas</span> <span class='ocrx_word' id='word_1_59' title='bbox 726 1277 864 1340; x_wconf 89' lang='lat' dir='ltr'>animas</span> <span class='ocrx_word' id='word_1_60' title='bbox 878 1277 1080 1340; x_wconf 90' lang='lat' dir='ltr'>ordinatum</span> <span class='ocrx_word' id='word_1_61' title='bbox 1093 1276 1251 1340; x_wconf 86' lang='lat' dir='ltr'>uidissent</span> 
     </span>
    </p>
   </div>
   <div class='ocr_carea' id='block_1_6' title="bbox 195 1370 676 1453">
    <p class='ocr_par' dir='ltr' id='par_1_6' title="bbox 195 1370 676 1453">
     <span class='ocr_line' id='line_1_10' title="bbox 195 1370 676 1453; baseline 0.006 -20"><span class='ocrx_word' id='word_1_62' title='bbox 195 1370 676 1453; x_wconf 44' lang='lat' dir='ltr'>fflfioefflmfim</span> 
     </span>
    </p>
   </div>
   <div class='ocr_carea' id='block_1_7' title="bbox 239 1613 977 1702">
    <p class='ocr_par' dir='ltr' id='par_1_7' title="bbox 239 1613 977 1702">
     <span class='ocr_line' id='line_1_11' title="bbox 239 1613 977 1702; baseline 0.003 -21"><span class='ocrx_word' id='word_1_63' title='bbox 239 1613 500 1702; x_wconf 75' lang='lat' dir='ltr'>subjunctivus</span> <span class='ocrx_word' id='word_1_64' title='bbox 518 1617 558 1683; x_wconf 93' lang='lat' dir='ltr'>in</span> <span class='ocrx_word' id='word_1_65' title='bbox 578 1616 776 1684; x_wconf 82' lang='lat' dir='ltr'>enuntiatis</span> <span class='ocrx_word' id='word_1_66' title='bbox 792 1615 952 1683; x_wconf 89' lang='lat' dir='ltr'>relativis</span> <span class='ocrx_word' id='word_1_67' title='bbox 970 1639 977 1683; x_wconf 91' lang='lat'>:</span> 
     </span>
    </p>
   </div>
   <div class='ocr_carea' id='block_1_8' title="bbox 196 1745 1328 2015">
    <p class='ocr_par' dir='ltr' id='par_1_8' title="bbox 196 1745 1328 2015">
     <span class='ocr_line' id='line_1_12' title="bbox 235 1745 1251 1915; baseline 0.001 -107.056"><span class='ocrx_word' id='word_1_68' title='bbox 235 1745 329 1915; x_wconf 40' lang='lat' dir='ltr'>23.)In</span> <span class='ocrx_word' id='word_1_69' title='bbox 353 1745 511 1809; x_wconf 90' lang='lat' dir='ltr'>aedificiis</span> <span class='ocrx_word' id='word_1_70' title='bbox 528 1746 584 1808; x_wconf 90' lang='lat' dir='ltr'>ubi</span> <span class='ocrx_word' id='word_1_71' title='bbox 598 1745 832 1809; x_wconf 89' lang='lat' dir='ltr'>ministerium</span> <span class='ocrx_word' id='word_1_72' title='bbox 855 1745 944 1826; x_wconf 85' lang='lat' dir='ltr'>ignis</span> <span class='ocrx_word' id='word_1_73' title='bbox 968 1745 1087 1809; x_wconf 91' lang='lat' dir='ltr'>minus</span> <span class='ocrx_word' id='word_1_74' title='bbox 1109 1746 1251 1809; x_wconf 82' lang='lat' dir='ltr'>vuluerit</span> 
     </span>
     <span class='ocr_line' id='line_1_13' title="bbox 325 1830 1262 1922; baseline 0.002 -22.147"><span class='ocrx_word' id='word_1_75' title='bbox 325 1838 478 1916; x_wconf 82' lang='lat' dir='ltr'><strong><em>...Quas</em></strong></span> <span class='ocrx_word' id='word_1_76' title='bbox 501 1839 678 1902; x_wconf 88' lang='lat' dir='ltr'>hostilitas</span> <span class='ocrx_word' id='word_1_77' title='bbox 700 1837 875 1902; x_wconf 89' lang='lat' dir='ltr'>barbarici</span> <span class='ocrx_word' id='word_1_78' title='bbox 897 1838 1026 1902; x_wconf 90' lang='lat' dir='ltr'>furoris</span> <span class='ocrx_word' id='word_1_79' title='bbox 1048 1830 1262 1922; x_wconf 81' lang='lat' dir='ltr'>oppugnare&#39;</span> 
     </span>
     <span class='ocr_line' id='line_1_14' title="bbox 196 1931 1328 2015; baseline 0.004 -22"><span class='ocrx_word' id='word_1_80' title='bbox 196 1932 367 2013; x_wconf 77' lang='lat' dir='ltr'>nequiret</span> <span class='ocrx_word' id='word_1_81' title='bbox 356 1932 394 2011; x_wconf 99' lang='grc' dir='ltr'>Ι,</span> <span class='ocrx_word' id='word_1_82' title='bbox 413 1933 496 2010; x_wconf 88' lang='grc'>9)..</span> <span class='ocrx_word' id='word_1_83' title='bbox 504 1932 595 2010; x_wconf 83' lang='lat' dir='ltr'>,Qui</span> <span class='ocrx_word' id='word_1_84' title='bbox 612 1932 710 1995; x_wconf 92' lang='lat' dir='ltr'>nulla</span> <span class='ocrx_word' id='word_1_85' title='bbox 728 1936 842 2015; x_wconf 88' lang='lat' dir='ltr'>posset</span> <span class='ocrx_word' id='word_1_86' title='bbox 857 1931 989 1995; x_wconf 88' lang='lat' dir='ltr'>ratione</span> <span class='ocrx_word' id='word_1_87' title='bbox 1004 1931 1116 1995; x_wconf 89' lang='lat' dir='ltr'>sedari</span> <span class='ocrx_word' id='word_1_88' title='bbox 1132 1932 1186 2012; x_wconf 95' lang='grc' dir='ltr'>(ΙΙ,</span> <span class='ocrx_word' id='word_1_89' title='bbox 1202 1936 1328 2010; x_wconf 83' lang='grc'>5),</span> 
     </span>
    </p>
   </div>
   <div class='ocr_carea' id='block_1_9' title="bbox 194 2025 1249 2740">
    <p class='ocr_par' dir='ltr' id='par_1_9' title="bbox 194 2025 1249 2740">
     <span class='ocr_line' id='line_1_15' title="bbox 198 2025 1248 2109; baseline 0 -22"><span class='ocrx_word' id='word_1_90' title='bbox 198 2025 405 2089; x_wconf 88' lang='lat' dir='ltr'>...Tantum</span> <span class='ocrx_word' id='word_1_91' title='bbox 420 2026 603 2109; x_wconf 88' lang='lat' dir='ltr'>(pecuniae)</span> <span class='ocrx_word' id='word_1_92' title='bbox 618 2025 817 2090; x_wconf 89' lang='lat' dir='ltr'>reservabat</span> <span class='ocrx_word' id='word_1_93' title='bbox 837 2028 999 2107; x_wconf 83' lang='lat' dir='ltr'>quantum</span> <span class='ocrx_word' id='word_1_94' title='bbox 1022 2025 1093 2089; x_wconf 92' lang='lat' dir='ltr'>diei</span> <span class='ocrx_word' id='word_1_95' title='bbox 1118 2025 1248 2109; x_wconf 77' lang='lat' dir='ltr'>suffice-</span> 
     </span>
     <span class='ocr_line' id='line_1_16' title="bbox 198 2115 1249 2201; baseline -0.001 -23"><span class='ocrx_word' id='word_1_96' title='bbox 198 2120 254 2195; x_wconf 84' lang='lat' dir='ltr'>ret,</span> <span class='ocrx_word' id='word_1_97' title='bbox 275 2136 347 2180; x_wconf 92' lang='lat' dir='ltr'>non</span> <span class='ocrx_word' id='word_1_98' title='bbox 363 2121 525 2199; x_wconf 82' lang='lat' dir='ltr'>quantum</span> <span class='ocrx_word' id='word_1_99' title='bbox 540 2117 713 2201; x_wconf 87' lang='lat' dir='ltr'>cupiditas</span> <span class='ocrx_word' id='word_1_100' title='bbox 728 2116 901 2198; x_wconf 78' lang='lat' dir='ltr'>expetisset</span> <span class='ocrx_word' id='word_1_101' title='bbox 915 2115 970 2195; x_wconf 87' lang='grc' dir='ltr'>(ΙΙ,</span> <span class='ocrx_word' id='word_1_102' title='bbox 987 2118 1030 2192; x_wconf 85' lang='grc'>7).</span> <span class='ocrx_word' id='word_1_103' title='bbox 1101 2115 1161 2178; x_wconf 87' lang='lat' dir='ltr'>Ubi</span> <span class='ocrx_word' id='word_1_104' title='bbox 1175 2115 1249 2178; x_wconf 94' lang='lat' dir='ltr'>nul·</span> 
     </span>
     <span class='ocr_line' id='line_1_17' title="bbox 196 2209 1246 2289; baseline 0.001 -18"><span class='ocrx_word' id='word_1_105' title='bbox 196 2209 250 2272; x_wconf 94' lang='lat' dir='ltr'>lus</span> <span class='ocrx_word' id='word_1_106' title='bbox 264 2210 426 2274; x_wconf 87' lang='lat' dir='ltr'>veniendi</span> <span class='ocrx_word' id='word_1_107' title='bbox 445 2211 579 2274; x_wconf 86' lang='lat' dir='ltr'>baberet</span> <span class='ocrx_word' id='word_1_108' title='bbox 599 2229 777 2275; x_wconf 87' lang='lat' dir='ltr'>accessum</span> <span class='ocrx_word' id='word_1_109' title='bbox 794 2210 865 2289; x_wconf 94' lang='grc' dir='ltr'>(ΙΙΙ,</span> <span class='ocrx_word' id='word_1_110' title='bbox 885 2211 948 2287; x_wconf 90' lang='grc'>33).</span> <span class='ocrx_word' id='word_1_111' title='bbox 968 2209 1017 2274; x_wconf 84' lang='lat' dir='ltr'>cf.</span> <span class='ocrx_word' id='word_1_112' title='bbox 1035 2210 1129 2272; x_wconf 90' lang='lat' dir='ltr'>Pass.</span> <span class='ocrx_word' id='word_1_113' title='bbox 1148 2210 1246 2272; x_wconf 89' lang='lat' dir='ltr'>Mart.</span> 
     </span>
     <span class='ocr_line' id='line_1_18' title="bbox 194 2301 1248 2384; baseline -0.002 -19"><span class='ocrx_word' id='word_1_114' title='bbox 194 2303 243 2366; x_wconf 85' lang='lat'>9:</span> <span class='ocrx_word' id='word_1_115' title='bbox 346 2303 405 2366; x_wconf 86' lang='lat' dir='ltr'>Ubi</span> <span class='ocrx_word' id='word_1_116' title='bbox 426 2302 525 2367; x_wconf 91' lang='lat' dir='ltr'>nulla</span> <span class='ocrx_word' id='word_1_117' title='bbox 549 2303 726 2367; x_wconf 87' lang='lat' dir='ltr'>miseratio</span> <span class='ocrx_word' id='word_1_118' title='bbox 750 2303 916 2366; x_wconf 75' lang='lat' dir='ltr'>adsideret</span> <span class='ocrx_word' id='word_1_119' title='bbox 938 2302 1099 2365; x_wconf 88' lang='lat' dir='ltr'>lenitatis.</span> <span class='ocrx_word' id='word_1_120' title='bbox 1129 2301 1248 2384; x_wconf 86' lang='lat' dir='ltr'>Optat.</span> 
     </span>
     <span class='ocr_line' id='line_1_19' title="bbox 194 2395 1249 2479; baseline 0.001 -22"><span class='ocrx_word' id='word_1_121' title='bbox 194 2395 307 2460; x_wconf 89' lang='lat' dir='ltr'>Milev.</span> <span class='ocrx_word' id='word_1_122' title='bbox 324 2418 329 2458; x_wconf 94' lang='lat'>:</span> <span class='ocrx_word' id='word_1_123' title='bbox 346 2396 625 2475; x_wconf 79' lang='lat' dir='ltr'>(persecutionis)</span> <span class='ocrx_word' id='word_1_124' title='bbox 640 2397 798 2479; x_wconf 85' lang='lat' dir='ltr'>divagata</span> <span class='ocrx_word' id='word_1_125' title='bbox 811 2403 860 2459; x_wconf 90' lang='lat' dir='ltr'>est</span> <span class='ocrx_word' id='word_1_126' title='bbox 870 2402 1057 2479; x_wconf 89' lang='lat' dir='ltr'>tempestas</span> <span class='ocrx_word' id='word_1_127' title='bbox 1072 2415 1146 2478; x_wconf 85' lang='lat' dir='ltr'>quoe</span> <span class='ocrx_word' id='word_1_128' title='bbox 1161 2395 1249 2458; x_wconf 88' lang='lat' dir='ltr'>alios</span> 
     </span>
     <span class='ocr_line' id='line_1_20' title="bbox 195 2489 1247 2574; baseline -0.001 -23"><span class='ocrx_word' id='word_1_129' title='bbox 195 2489 310 2572; x_wconf 78' lang='lat' dir='ltr'>fecerit</span> <span class='ocrx_word' id='word_1_130' title='bbox 322 2496 500 2574; x_wconf 65' lang='lat' dir='ltr'>martyres</span> <span class='ocrx_word' id='word_1_131' title='bbox 517 2490 661 2553; x_wconf 87' lang='lat' dir='ltr'>latentes</span> <span class='ocrx_word' id='word_1_132' title='bbox 669 2489 803 2553; x_wconf 89' lang='lat' dir='ltr'>dimisit</span> <span class='ocrx_word' id='word_1_133' title='bbox 818 2489 945 2553; x_wconf 89' lang='lat' dir='ltr'>illaesos</span> <span class='ocrx_word' id='word_1_134' title='bbox 955 2489 1009 2569; x_wconf 93' lang='grc' dir='ltr'>(ΙΙ,</span> <span class='ocrx_word' id='word_1_135' title='bbox 1019 2490 1082 2567; x_wconf 86' lang='grc'>13).</span> <span class='ocrx_word' id='word_1_136' title='bbox 1096 2489 1247 2570; x_wconf 84' lang='lat' dir='ltr'>Vulgat.‚</span> 
     </span>
     <span class='ocr_line' id='line_1_21' title="bbox 196 2581 1249 2665; baseline -0.003 -19"><span class='ocrx_word' id='word_1_137' title='bbox 196 2582 279 2661; x_wconf 82' lang='lat' dir='ltr'>Luc,</span> <span class='ocrx_word' id='word_1_138' title='bbox 298 2601 320 2664; x_wconf 90' lang='lat'>1,</span> <span class='ocrx_word' id='word_1_139' title='bbox 337 2586 354 2644; x_wconf 84' lang='lat'>7</span> <span class='ocrx_word' id='word_1_140' title='bbox 374 2607 379 2647; x_wconf 95' lang='lat'><strong>:</strong></span> <span class='ocrx_word' id='word_1_141' title='bbox 450 2583 529 2647; x_wconf 92' lang='lat' dir='ltr'>Non</span> <span class='ocrx_word' id='word_1_142' title='bbox 543 2588 616 2646; x_wconf 89' lang='lat' dir='ltr'>erat</span> <span class='ocrx_word' id='word_1_143' title='bbox 630 2583 700 2646; x_wconf 91' lang='lat' dir='ltr'>illis</span> <span class='ocrx_word' id='word_1_144' title='bbox 711 2582 816 2663; x_wconf 85' lang='lat' dir='ltr'>filius,</span> <span class='ocrx_word' id='word_1_145' title='bbox 830 2603 866 2645; x_wconf 90' lang='lat' dir='ltr'>eo</span> <span class='ocrx_word' id='word_1_146' title='bbox 876 2582 964 2665; x_wconf 87' lang='lat' dir='ltr'>quod</span> <span class='ocrx_word' id='word_1_147' title='bbox 978 2587 1058 2645; x_wconf 87' lang='lat' dir='ltr'>esset</span> <span class='ocrx_word' id='word_1_148' title='bbox 1071 2581 1249 2644; x_wconf 85' lang='lat' dir='ltr'>Elisabeth</span> 
     </span>
     <span class='ocr_line' id='line_1_22' title="bbox 196 2676 334 2740; baseline 0 -1"><span class='ocrx_word' id='word_1_149' title='bbox 196 2676 334 2740; x_wconf 90' lang='lat' dir='ltr'>sterilis.</span> 
     </span>
    </p>
   </div>
   <div class='ocr_carea' id='block_1_10' title="bbox 391 2905 1051 2994">
    <p class='ocr_par' dir='ltr' id='par_1_10' title="bbox 391 2905 1051 2994">
     <span class='ocr_line' id='line_1_23' title="bbox 391 2905 1051 2994; baseline 0.005 -21"><span class='ocrx_word' id='word_1_150' title='bbox 391 2906 434 2976; x_wconf 94' lang='grc' dir='ltr'>ΙΙ.</span> <span class='ocrx_word' id='word_1_151' title='bbox 460 2947 504 2955; x_wconf 92' lang='grc'><strong>-</strong></span> <span class='ocrx_word' id='word_1_152' title='bbox 527 2907 579 2974; x_wconf 90' lang='lat' dir='ltr'>De</span> <span class='ocrx_word' id='word_1_153' title='bbox 604 2905 768 2974; x_wconf 87' lang='lat' dir='ltr'>liberiore</span> <span class='ocrx_word' id='word_1_154' title='bbox 792 2906 962 2994; x_wconf 82' lang='lat' dir='ltr'>infinitivi</span> <span class='ocrx_word' id='word_1_155' title='bbox 986 2928 1051 2976; x_wconf 89' lang='lat' dir='ltr'>usu</span> 
     </span>
    </p>
   </div>
   <div class='ocr_carea' id='block_1_11' title="bbox 194 3100 1249 4058">
    <p class='ocr_par' dir='ltr' id='par_1_11' title="bbox 194 3100 1249 4058">
     <span class='ocr_line' id='line_1_24' title="bbox 241 3100 1249 3195; baseline 0.005 -26"><span class='ocrx_word' id='word_1_156' title='bbox 241 3100 379 3171; x_wconf 91' lang='lat' dir='ltr'>Omnes</span> <span class='ocrx_word' id='word_1_157' title='bbox 402 3104 616 3192; x_wconf 89' lang='lat' dir='ltr'>posterioris</span> <span class='ocrx_word' id='word_1_158' title='bbox 642 3104 832 3173; x_wconf 89' lang='lat' dir='ltr'>latinitatis</span> <span class='ocrx_word' id='word_1_159' title='bbox 859 3106 1067 3195; x_wconf 89' lang='lat' dir='ltr'>scriptores,</span> <span class='ocrx_word' id='word_1_160' title='bbox 1097 3105 1249 3174; x_wconf 88' lang='lat' dir='ltr'>liberius</span> 
     </span>
     <span class='ocr_line' id='line_1_25' title="bbox 194 3228 1249 3322; baseline 0.006 -27"><span class='ocrx_word' id='word_1_161' title='bbox 194 3229 233 3296; x_wconf 94' lang='lat' dir='ltr'>in</span> <span class='ocrx_word' id='word_1_162' title='bbox 253 3228 331 3297; x_wconf 93' lang='lat' dir='ltr'>dies</span> <span class='ocrx_word' id='word_1_163' title='bbox 350 3230 533 3299; x_wconf 90' lang='lat' dir='ltr'>infinitivo</span> <span class='ocrx_word' id='word_1_164' title='bbox 553 3232 609 3299; x_wconf 93' lang='lat' dir='ltr'>usi</span> <span class='ocrx_word' id='word_1_165' title='bbox 630 3237 726 3317; x_wconf 83' lang='lat' dir='ltr'>sunt,</span> <span class='ocrx_word' id='word_1_166' title='bbox 749 3233 854 3322; x_wconf 90' lang='lat' dir='ltr'>quasi</span> <span class='ocrx_word' id='word_1_167' title='bbox 874 3233 974 3300; x_wconf 94' lang='lat' dir='ltr'>hunc</span> <span class='ocrx_word' id='word_1_168' title='bbox 992 3254 1061 3321; x_wconf 90' lang='lat' dir='ltr'>pro</span> <span class='ocrx_word' id='word_1_169' title='bbox 1081 3234 1249 3301; x_wconf 92' lang='lat' dir='ltr'>substan·</span> 
     </span>
     <span class='ocr_line' id='line_1_26' title="bbox 194 3357 1249 3449; baseline 0.005 -25"><span class='ocrx_word' id='word_1_170' title='bbox 194 3357 269 3425; x_wconf 93' lang='lat' dir='ltr'>tivo</span> <span class='ocrx_word' id='word_1_171' title='bbox 284 3357 475 3443; x_wconf 86' lang='lat' dir='ltr'>haberent,</span> <span class='ocrx_word' id='word_1_172' title='bbox 497 3364 619 3449; x_wconf 88' lang='lat' dir='ltr'>atque,</span> <span class='ocrx_word' id='word_1_173' title='bbox 638 3360 782 3449; x_wconf 88' lang='lat' dir='ltr'>rejectis</span> <span class='ocrx_word' id='word_1_174' title='bbox 797 3360 1144 3449; x_wconf 90' lang='lat' dir='ltr'>probatissimorum</span> <span class='ocrx_word' id='word_1_175' title='bbox 1165 3382 1249 3429; x_wconf 91' lang='lat' dir='ltr'>auc-</span> 
     </span>
     <span class='ocr_line' id='line_1_27' title="bbox 194 3486 1248 3576; baseline 0.003 -24"><span class='ocrx_word' id='word_1_176' title='bbox 194 3488 317 3553; x_wconf 89' lang='lat' dir='ltr'>torum</span> <span class='ocrx_word' id='word_1_177' title='bbox 351 3487 540 3575; x_wconf 85' lang='lat' dir='ltr'>exemplis,</span> <span class='ocrx_word' id='word_1_178' title='bbox 569 3509 678 3555; x_wconf 92' lang='lat' dir='ltr'>suum</span> <span class='ocrx_word' id='word_1_179' title='bbox 707 3487 879 3555; x_wconf 89' lang='lat' dir='ltr'>infinitivi</span> <span class='ocrx_word' id='word_1_180' title='bbox 905 3486 1069 3576; x_wconf 89' lang='lat' dir='ltr'>ponendi</span> <span class='ocrx_word' id='word_1_181' title='bbox 1105 3508 1248 3557; x_wconf 88' lang='lat' dir='ltr'>morem</span> 
     </span>
     <span class='ocr_line' id='line_1_28' title="bbox 196 3607 1248 3702; baseline 0.004 -25"><span class='ocrx_word' id='word_1_182' title='bbox 196 3607 409 3679; x_wconf 88' lang='lat' dir='ltr'>Graecorum</span> <span class='ocrx_word' id='word_1_183' title='bbox 428 3611 563 3701; x_wconf 82' lang='lat' dir='ltr'>linguae</span> <span class='ocrx_word' id='word_1_184' title='bbox 584 3613 867 3680; x_wconf 89' lang='lat' dir='ltr'>accommodare</span> <span class='ocrx_word' id='word_1_185' title='bbox 886 3613 1033 3681; x_wconf 89' lang='lat' dir='ltr'>vellent.</span> <span class='ocrx_word' id='word_1_186' title='bbox 1056 3611 1106 3702; x_wconf 76' lang='lat' dir='ltr'>At</span> <span class='ocrx_word' id='word_1_187' title='bbox 1124 3614 1248 3702; x_wconf 93' lang='lat' dir='ltr'>potius</span> 
     </span>
     <span class='ocr_line' id='line_1_29' title="bbox 195 3735 1248 3828; baseline 0.004 -24"><span class='ocrx_word' id='word_1_188' title='bbox 195 3735 422 3805; x_wconf 88' lang='lat' dir='ltr'>credendum</span> <span class='ocrx_word' id='word_1_189' title='bbox 438 3743 491 3805; x_wconf 88' lang='lat' dir='ltr'>est</span> <span class='ocrx_word' id='word_1_190' title='bbox 505 3738 718 3806; x_wconf 88' lang='lat' dir='ltr'>liberiorem</span> <span class='ocrx_word' id='word_1_191' title='bbox 732 3739 904 3806; x_wconf 87' lang='lat' dir='ltr'>infinitivi</span> <span class='ocrx_word' id='word_1_192' title='bbox 921 3761 1042 3824; x_wconf 87' lang='lat' dir='ltr'>usum,</span> <span class='ocrx_word' id='word_1_193' title='bbox 1060 3738 1160 3828; x_wconf 92' lang='lat' dir='ltr'>apud</span> <span class='ocrx_word' id='word_1_194' title='bbox 1175 3739 1248 3808; x_wconf 88' lang='lat' dir='ltr'>Ro-</span> 
     </span>
     <span class='ocr_line' id='line_1_30' title="bbox 195 3865 1248 3954; baseline 0.003 -23"><span class='ocrx_word' id='word_1_195' title='bbox 195 3884 326 3931; x_wconf 90' lang='lat' dir='ltr'>manos</span> <span class='ocrx_word' id='word_1_196' title='bbox 354 3865 629 3954; x_wconf 79' lang='lat' dir='ltr'>perantiquum,</span> <span class='ocrx_word' id='word_1_197' title='bbox 655 3865 802 3954; x_wconf 88' lang='lat' dir='ltr'>plebeio</span> <span class='ocrx_word' id='word_1_198' title='bbox 829 3886 1000 3934; x_wconf 88' lang='lat' dir='ltr'>sermone</span> <span class='ocrx_word' id='word_1_199' title='bbox 1023 3866 1248 3954; x_wconf 89' lang='lat' dir='ltr'>peculiarem</span> 
     </span>
     <span class='ocr_line' id='line_1_31' title="bbox 195 3989 319 4058; baseline 0.016 -2"><span class='ocrx_word' id='word_1_200' title='bbox 195 3989 319 4058; x_wconf 89' lang='lat' dir='ltr'>fuisse.</span> 
     </span>
    </p>
   </div>
   <div class='ocr_carea' id='block_1_12' title="bbox 196 4116 1250 4314">
    <p class='ocr_par' dir='ltr' id='par_1_12' title="bbox 196 4116 1250 4314">
     <span class='ocr_line' id='line_1_32' title="bbox 239 4116 1250 4208; baseline 0.002 -24"><span class='ocrx_word' id='word_1_201' title='bbox 239 4116 541 4206; x_wconf 86' lang='lat' dir='ltr'>Frequentissimi</span> <span class='ocrx_word' id='word_1_202' title='bbox 557 4124 642 4186; x_wconf 93' lang='lat' dir='ltr'>sunt</span> <span class='ocrx_word' id='word_1_203' title='bbox 658 4117 757 4208; x_wconf 90' lang='lat' dir='ltr'>apud</span> <span class='ocrx_word' id='word_1_204' title='bbox 771 4118 958 4187; x_wconf 89' lang='lat' dir='ltr'>Victorem</span> <span class='ocrx_word' id='word_1_205' title='bbox 973 4118 1045 4186; x_wconf 89' lang='lat' dir='ltr'>loci</span> <span class='ocrx_word' id='word_1_206' title='bbox 1060 4119 1099 4185; x_wconf 94' lang='lat' dir='ltr'>in</span> <span class='ocrx_word' id='word_1_207' title='bbox 1115 4120 1250 4208; x_wconf 90' lang='lat' dir='ltr'>quibus</span> 
     </span>
     <span class='ocr_line' id='line_1_33' title="bbox 196 4242 1246 4314; baseline -0.001 -3"><span class='ocrx_word' id='word_1_208' title='bbox 196 4242 399 4314; x_wconf 90' lang='lat' dir='ltr'>infinitivus</span> <span class='ocrx_word' id='word_1_209' title='bbox 426 4266 447 4312; x_wconf 97' lang='lat' dir='ltr'>a</span> <span class='ocrx_word' id='word_1_210' title='bbox 471 4250 570 4312; x_wconf 90' lang='lat' dir='ltr'>recta</span> <span class='ocrx_word' id='word_1_211' title='bbox 597 4243 782 4313; x_wconf 91' lang='lat' dir='ltr'>scribendi</span> <span class='ocrx_word' id='word_1_212' title='bbox 809 4243 1077 4312; x_wconf 88' lang='lat' dir='ltr'>consuetudine</span> <span class='ocrx_word' id='word_1_213' title='bbox 1096 4243 1246 4312; x_wconf 88' lang='lat' dir='ltr'>recedit.</span> 
     </span>
    </p>
   </div>
   <div class='ocr_carea' id='block_1_13' title="bbox 0 0 1577 5084">
    <p class='ocr_par' dir='ltr' id='par_1_13' title="bbox 0 0 1577 5084">
     <span class='ocr_line' id='line_1_34' title="bbox 0 0 1577 5084; baseline 0 0"><span class='ocrx_word' id='word_1_214' title='bbox 0 0 1577 5084; x_wconf 95' lang='lat' dir='ltr'> </span> 
     </span>
    </p>
   </div>
  </div>
 </body>
</html>
