3142 5084
705 430 884 495 ..143-

310 630 346 720 b)
364 613 604 720 Participium
624 654 789 721 praesens
809 654 876 721 pro
897 632 1011 699 verbo
1026 631 1132 698 finito
1152 631 1320 719 ponitur.

307 758 385 826 Hoc
406 760 589 848 participii
610 781 678 827 usu
694 759 787 826 nihil
803 779 973 847 usquam,
999 757 1123 842 cred0,
1154 757 1323 826 insoleu-

262 884 334 951 tius
352 883 479 952 videre
495 891 548 953 est
569 891 603 953 et
622 885 789 953 vitiosius
808 909 814 953 :

364 1010 539 1074 Discedens
563 1011 689 1074 mulier
715 1031 796 1074 cum
823 1009 907 1072 filiis
926 1009 1074 1073 refutata
1096 1014 1149 1087 (z
1171 1009 1325 1072 discedit

263 1103 427 1166 mulier...
445 1110 540 1182 etc.);
558 1106 772 1168 confortatur
787 1105 930 1167 Saturus
946 1103 989 1166 ad
1008 1122 1174 1167 coronam
1195 1104 1235 1184 (Ι,
1254 1106 1320 1180 50).

316 1199 502 1260 Exsulibus
516 1197 703 1260 multitudo
719 1196 891 1260 catholica
907 1196 949 1259 de
965 1196 1185 1259 ordinatione
1200 1195 1322 1279 ponti-

262 1291 337 1354 ficis
358 1298 411 1369 (Ξ
433 1290 628 1367 exsultavit)
657 1290 711 1369 (ll,
728 1293 771 1367 6).
845 1290 884 1352 ln
906 1290 1056 1373 populos
1071 1308 1213 1373 quoque
1229 1309 1322 1373 prae-

261 1383 321 1446 fati
340 1384 565 1467 imperatores
582 1383 743 1446 similiter
757 1384 925 1446 soeoieutcs
938 1384 1009 1463 (ΙΙΙ,
1025 1386 1068 1460 9).
1083 1385 1161 1447 Non
1173 1383 1321 1463 animal,

261 1497 331 1539 non
357 1498 515 1542 servus..
542 1478 680 1561 penitus
700 1477 938 1540 dimittuntur.
967 1477 1100 1540 Adderu
1128 1477 1247 1540 adhuc
1279 1483 1321 1540 ut

261 1571 379 1633 nullus
400 1571 603 1654 quempiam
625 1571 769 1633 illorum
795 1570 949 1653 hospitio
972 1571 1139 1654 reciperet
1158 1571 1230 1651 (ΙΙΙ,
1253 1573 1320 1649 15).

317 1663 379 1727 Cui
396 1665 499 1726 frater
513 1663 603 1726 alius
617 1668 764 1726 metuens
778 1683 820 1726 ne
836 1664 941 1727 fidem
961 1669 1110 1745 negaret,
1130 1664 1221 1727 etde
1239 1684 1322 1726 sus-

260 1757 389 1838 pendio
404 1757 580 1820 clamabat
594 1758 664 1837 (ΙΙΙ,
680 1759 743 1835 28).

305 1948 337 2038 c)
361 1949 601 2037 Participium
622 1949 813 2037 praesentis
842 1970 909 2036 pro
929 1953 1096 2036 tempore
1116 1948 1319 2036 praeterito.

305 2075 627 2163 Frequentissime,
662 2083 701 2143 ut
741 2077 835 2144 infra
868 2075 1088 2159 videbimus
1124 2063 1322 2163 participia

260 2202 453 2288 praesentis
475 2200 523 2267 ad
542 2200 782 2288 exprimenda
810 2206 978 2287 tempora
998 2200 1183 2287 praeterita
1212 2198 1322 2266 adhi-

260 2327 412 2410 beutur;
436 2328 539 2414 cujus
555 2327 607 2394 rei
628 2329 732 2411 rati0,
752 2348 966 2415 quanquam
990 2327 1150 2393 maxima
1170 2325 1322 2394 licentia

259 2453 386 2522 Victor
409 2456 534 2539 utitur,
556 2455 662 2522 facile
682 2454 880 2522 enodanda
910 2460 974 2522 est.
1002 2453 1161 2538 Etenim,
1194 2426 1321 2543 perse

259 2582 394 2670 ipsum,
410 2583 646 2670 participium
663 2583 804 2651 nullam
820 2583 997 2671 temporis
1013 2583 1205 2649 notionem
1221 2581 1322 2649 indi-

260 2715 334 2796 cat,
345 2710 415 2775 nisi
432 2711 471 2775 in
488 2708 618 2776 eadem
634 2711 812 2777 sententia
825 2711 938 2777 verbo
953 2710 1057 2776 finito
1076 2707 1318 2796 adjungatur3

260 2832 361 2920 quod
374 2838 550 2921 sequente
562 2835 730 2921 exemplo
743 2835 1008 2922 comprobatur
1027 2858 1032 2902 :
1047 2833 1151 2900 Plato
1162 2832 1322 2901 scribens

260 2964 429 3024 mortuus
441 2965 494 3025 est
508 2959 610 3048 (cum
620 2959 810 3048 scribebat)
829 2983 836 3045 3
857 2959 1012 3027 scribens
1023 2959 1203 3026 morietur
1217 2958 1321 3048 (cum

258 3082 413 3173 scribet).
436 3085 574 3172 ltaque,
589 3086 647 3152 vel
662 3086 762 3174 apud
777 3087 905 3174 probae
926 3085 1114 3152 latinitatis
1134 3091 1318 3170 auctores,

259 3208 461 3298 aliquando
481 3213 717 3300 participium
744 3213 935 3300 praesentis
951 3232 1018 3299 pro
1039 3217 1206 3299 tempore
1226 3231 1322 3299 prae-

259 3339 366 3406 terito
388 3338 688 3426 deprehenditur.
712 3340 809 3427 Lego
840 3338 940 3427 apud
961 3338 1086 3421 Quint.
1111 3338 1226 3422 Curt,
1258 3337 1318 3422 Vl,

259 3465 291 3549 5,
313 3467 334 3531 8
352 3490 358 3534 :
378 3466 450 3535 Diri
466 3474 710 3535 cunctantes...
725 3467 877 3535 tandem
890 3473 1066 3536 venturos
1087 3488 1125 3534 se
1141 3466 1322 3555 pollicen-

258 3598 318 3661 tur
337 3594 394 3683 (z
410 3602 607 3684 postquam
624 3586 687 3662 diu
714 3598 873 3664 cunctati
895 3595 1035 3685 erant);
1056 3597 1114 3680 Vl,
1136 3596 1170 3681 5,
1192 3595 1236 3664 25

258 3721 442 3789 Praemisit
462 3722 658 3790 indicantes
674 3725 818 3792 venisse
830 3726 995 3812 reginam
1005 3723 1063 3813 (z
1074 3722 1317 3808 indicaturos
1339 3814 1349 3827 ·

259 3845 322 3933 qui
352 3845 582 3936 indicarent).
606 3849 756 3932 Rursus,
788 3849 1024 3936 participium
1055 3850 1229 3937 praeteriti
1249 3869 1320 3938 pro

258 3971 452 4058 participio
465 3974 656 4059 praesentis
670 3975 839 4062 ponitur:
851 3973 998 4062 Vergil,
1010 3973 1110 4058 AEn.,
1122 3973 1213 4058 VIII,
1228 3974 1296 4041 636
1310 3996 1316 4042 :

325 4096 464 4185 Magnis
496 4099 721 4166 circensibus
752 4100 839 4167 actis
867 4099 925 4190 (z
950 4121 1035 4166 cum
1066 4099 1286 4189 agebantur)
1310 4123 1317 4187 ;

258 4222 350 4306 Liv,
373 4221 428 4305 30,
451 4222 495 4288 30
519 4246 525 4289 ;
612 4224 742 4290 Melior
762 4231 815 4292 est
835 4231 933 4292 certa
954 4245 1027 4313 pax
1042 4245 1155 4314 quam
1174 4229 1319 4313 sperato

259 4349 414 4418 victoria
427 4349 485 4440 (ιτ
501 4370 584 4439 quae
604 4350 796 4442 speratur).
