3142 5084
549 1005 550 1009 ,
610 1029 947 1146 APPllNDIX

256 1489 299 1542 DE
332 1488 511 1544 OPUSCULO
545 1489 637 1554 QUOD
671 1489 893 1546 INSCRIBITUR
923 1491 930 1543 ἰ
966 1494 986 1544 <t
1019 1490 1142 1545 PASSIO
1176 1490 1307 1562 SEPTEM

636 1601 880 1657 MONACHORUM
909 1604 929 1654 l>

298 1851 455 1919 Victoris
474 1851 633 1920 Vitensis
658 1853 821 1921 historiae
840 1853 1108 1942 persecutionis
1137 1851 1308 1922 africanae

255 1979 457 2070 provinciae
482 1979 725 2069 subjungitur,
757 1985 836 2047 tum
868 1980 907 2047 in
941 1979 1131 2048 codicibus
1158 2000 1309 2047 manus-

256 2107 393 2195 criptis,
416 2112 496 2175 tum
521 2107 559 2173 in
584 2107 751 2175 Ruinarti
777 2113 812 2174 et
837 2107 973 2174 Halmii
1003 2112 1036 2175 et
1066 2107 1309 2196 Petschenigii

257 2231 482 2301 editionibus
502 2233 723 2321 opusculum
744 2234 802 2300 cui
823 2233 949 2300 titulus
969 2238 1023 2301 est
1037 2232 1160 2300 Passio
1179 2237 1309 2322 septem

257 2360 532 2428 monachorum.
892 2335 898 2343 ⁵

302 2486 555 2570 Quamobrem
586 2509 709 2575 operae
737 2488 898 2575 pretium
915 2463 1003 2554 esse
1035 2485 1122 2553 duxi
1151 2485 1311 2553 breviter

257 2613 438 2702 quasdam
468 2612 513 2682 de
538 2614 610 2681 hoc
640 2613 819 2701 opusculo
849 2613 1073 2702 quaestiones
1099 2617 1308 2708 retractare,

256 2747 454 2829 postquam
487 2741 603 2808 fusius
632 2762 716 2829 quae
736 2740 787 2822 ad
814 2740 950 2808 librum
980 2740 1025 2808 de
1054 2739 1310 2828 persecutione

256 2866 449 2935 vandalica
468 2868 703 2955 pertinebant
724 2867 930 2956 explanavi,
953 2889 1037 2956 quae
1064 2867 1156 2934 mihi
1180 2867 1311 2955 praeci-

256 3018 330 3085 pua
350 3019 437 3065 cura
459 2997 537 3065 fuit.
564 2996 787 3086 Quanquam
811 2996 857 3064 de
877 3002 1018 3085 septem
1038 2996 1309 3065 monachorum

257 3124 432 3192 Passione
448 3125 659 3209 RuinartuS,
673 3124 853 3209 HalmiuS,
866 3123 1022 3193 Ebertus
1032 3123 1083 3214 (1)
1094 3130 1128 3191 et
1139 3124 1311 3192 Petsche-

257 3252 376 3340 nigius
405 3251 622 3336 disseruere,
646 3251 772 3319 locum
801 3272 879 3318 esse
910 3249 1062 3334 credidi,
1095 3251 1205 3318 etiam
1229 3255 1312 3338 post

259 3398 388 3445 eorum
419 3378 695 3462 elucidationes,
728 3399 824 3446 nova
851 3375 1069 3465 exquirendi
1098 3381 1312 3464 argumenta

259 3507 406 3593 quibus
439 3507 468 3573 si
495 3506 575 3573 fieri
600 3505 727 3593 possit,
755 3480 925 3573 videatur
948 3525 1039 3570 num
1063 3502 1188 3571 Victor
1206 3501 1312 3570 illum

258 3630 426 3701 libellum
447 3632 643 3722 scripserit.

303 3846 450 3915 Primus
477 3847 659 3930 omnium,
688 3845 845 3933 septimo
871 3844 1015 3912 decimo
1046 3844 1193 3927 saecum,
1226 3844 1314 3911 Rui-

261 3981 387 4044 nartus
407 3979 622 4064 argumenta
642 3974 823 4063 congessit
838 3973 972 4062 quibus
995 3978 1147 4063 apparet
1171 3971 1314 4039 Passio·

293 4235 326 4300 (1)
343 4234 411 4286 Hist.
433 4234 462 4284 de
483 4234 507 4284 lc
526 4234 645 4285 Litte'rat.
663 4235 709 4285 lat.
729 4233 872 4284 ctu-trienna
889 4248 920 4284 ea
935 4233 1062 4286 Occiderit.
1086 4233 1191 4294 Parisiis,
1212 4234 1313 4294 beromi,

261 4313 334 4364 1883.

1117 4413 1156 4474 13
