3142 5084
701 395 860 456 ..54-

254 561 544 646 collocavissent,
562 583 608 630 ne
623 567 748 630 tamen
763 562 977 631 viderentur
991 564 1132 651 majore
1151 580 1307 631 numero

254 688 444 778 superbire
469 692 504 756 et
528 687 615 756 inde
642 689 836 757 victoriam
865 710 1043 778 quaerere,
1079 710 1144 757 sua
1177 695 1308 779 sponte

253 815 348 882 inter
374 836 460 882 suos
480 814 619 903 elegere
640 814 769 883 decem
789 816 983 904 episcopos
1010 817 1073 904 qui
1100 837 1168 905 pro
1189 817 1309 884 omni-

253 942 323 1009 bus
343 939 583 1009 decertarent.
605 941 736 1030 Ingens
756 947 880 1038 tamen
900 942 1080 1010 turnultus
1103 942 1220 1010 factus
1241 948 1306 1028 est,

254 1089 375 1157 neque
398 1068 495 1136 ullus
516 1069 746 1158 disceptandi
766 1069 870 1138 locus
895 1070 988 1154 fuit3
1012 1069 1195 1159 quidquid
1221 1075 1311 1138 tunc

254 1194 343 1263 mali
364 1195 496 1279 evenit,
520 1194 651 1284 Cyrilae
671 1196 853 1284 superbiae
875 1201 929 1264 est
947 1195 1221 1285 imputandum,
1245 1196 1309 1286 qui

255 1322 474 1411 patriarchae
498 1344 636 1391 nomen
657 1324 726 1391 sibi
746 1325 938 1413 arrogavit.
967 1324 1212 1392 Intolerabilis
1230 1325 1310 1392 visa

257 1455 311 1518 est
339 1434 439 1517 tanta
471 1451 642 1539 superbia
677 1451 884 1519 christianis
917 1453 980 1540 qui
1015 1474 1101 1519 suos
1133 1452 1310 1540 primates

257 1597 274 1641 r
291 1575 499 1664 primorum
514 1577 653 1646 sedium
673 1578 850 1668 episcopos
867 1602 884 1645 »
906 1584 969 1647 aut
984 1579 1200 1668 simpliciter
1213 1600 1310 1666 serres

255 1701 491 1790 appellabant
509 1701 572 1792 (1).

299 1826 389 1895 Inde
403 1849 479 1895 non
493 1829 631 1895 infitior
644 1809 816 1897 exortum
826 1828 938 1896 fuisse
953 1827 1164 1896 tumultum.
1181 1826 1311 1895 Statim

255 1952 380 2022 Ariani
392 1956 625 2022 occasionem
639 1956 826 2044 arripuere
842 1955 1042 2022 catholicos
1057 1953 1310 2021 calumniandi

257 2082 291 2147 ct
310 2078 507 2146 accusandi
528 2078 629 2167 quod
649 2078 837 2147 collationi
855 2079 1036 2147 habendae
1058 2072 1283 2146 obstitissent
1301 2102 1309 2166 3

257 2226 331 2294 quo
363 2204 456 2271 nihil
490 2205 616 2273 falsius
646 2205 806 2291 videtur,
834 2227 919 2274 cum
948 2205 1064 2273 multa
1099 2205 1311 2272 istiusmodi

255 2330 419 2398 facinora
432 2330 613 2397 haereticis
624 2331 697 2396 sint
707 2329 928 2417 objicienda.
944 2329 1133 2414 Percurre,
1150 2330 1179 2396 si
1190 2334 1309 2418 poteS,

256 2455 408 2546 grandia
440 2455 503 2523 illa
532 2456 739 2531 collationis
769 2456 1071 2545 carthaginiensis
1086 2454 1181 2545 (411)
1207 2461 1308 2541 acta;

256 2583 399 2651 videbis
409 2583 632 2668 Donatistas,
650 2588 778 2672 postea
786 2582 1009 2650 Arianorum
1025 2603 1205 2667 suasores,
1222 2603 1311 2670 quo-

256 2711 311 2777 vis
340 2709 454 2778 modo
485 2712 586 2778 nisos
610 2711 720 2779 fuisse
750 2716 789 2778 ut
814 2710 1026 2799 disputandi
1056 2710 1311 2778 necessitatem

258 2835 460 2905 eluderent.
492 2836 634 2905 Eodem
665 2838 779 2906 modo
814 2859 854 2905 sev
882 2843 1070 2926 gesserunt
1107 2838 1146 2903 in
1180 2835 1308 2921 Gallia,

259 2962 502 3031 Gundebaldo
516 2984 610 3054 rege,
625 2964 751 3033 Ariani
766 2987 773 3051 ;
796 2967 871 3054 qui,
890 2986 975 3032 curn
990 2965 1173 3053 episcopis
1189 2963 1312 3031 catho-

258 3090 339 3158 licis
373 3113 458 3158 cum
488 3093 623 3160 arianis
653 3092 867 3160 conferendi
897 3092 1108 3160 facultatem
1138 3090 1310 3174 dedisset,

259 3219 330 3304 isti,
353 3219 432 3287 sine
447 3241 563 3306 mora,
582 3214 806 3288 clamoribus
822 3225 857 3287 et
876 3219 1110 3286 contumeliis
1125 3219 1226 3285 initae
1242 3217 1313 3284 dis·

258 3349 441 3438 putationi
462 3350 692 3417 obstiterunt.

305 3474 395 3559 Quis
415 3475 512 3543 dicat
530 3477 639 3565 igitur
653 3476 849 3543 mentitum
868 3474 980 3542 fuisse
994 3474 1193 3558 Victorem,
1211 3474 1312 3541 talia-

261 3621 332 3690 que
352 3600 391 3666 in
410 3599 542 3684 Africa,
560 3601 628 3668 sub
644 3599 899 3667 crudelissimo
913 3617 996 3688 rege
1016 3597 1214 3683 HunericO,
1232 3599 1312 3665 fieri

261 3747 337 3792 non
357 3727 520 3814 potuisse
534 3726 552 3791 ‘l

294 4010 326 4071 tl}
343 4010 395 4061 Vid.
414 4009 523 4063 Concilio
538 4009 642 4074 Africa,
658 4011 722 4073 apud
738 4009 818 4058 Lahbo
832 4009 899 4074 (Syn.
916 4009 1018 4074 Hippon.
1037 4010 1104 4074 393).
