3142 5084
645 421 826 483 -117-

203 588 415 678 adjungere.
438 589 519 656 lstae
540 590 652 674 enim,
676 612 890 681 quanquam
902 615 970 682 per
989 616 1026 662 se
1047 595 1145 683 ipsas
1165 595 1257 663 nihil

202 714 419 804 significant,
441 714 518 782 vim
537 721 662 782 tamen
682 715 819 784 habent
838 723 890 800 ut,
919 717 1000 785 aliis
1023 719 1145 786 verbis
1166 740 1257 786 con-

197 841 348 929 junctae,
378 860 462 928 quae
488 838 535 906 ad
555 843 713 927 tempuS,
739 841 876 926 locum,
906 848 941 911 et
967 864 1117 911 causam
1137 845 1257 933 expri-

203 964 391 1050 mendam,
422 969 505 1050 etc.,
526 971 703 1055 spectant,
728 967 893 1035 indicent
919 969 980 1058 (1).
1003 968 1060 1036 Ad
1082 971 1153 1037 hoc
1176 993 1258 1060 per-

69 1090 72 1096 '
202 1092 436 1161 ficienduma
451 1095 560 1161 bonis
572 1095 783 1162 auctoribus
794 1097 854 1163 hic
867 1097 1127 1165 tantummodo
1137 1120 1254 1184 casus,

202 1217 277 1286 illic
300 1219 441 1307 junctae
475 1219 621 1287 casibus
645 1218 927 1309 praepositiones
953 1222 1226 1291 adhibebantur
1248 1248 1255 1308 ;
1379 1208 1383 1214 ¹

202 1366 359 1435 quarum
383 1366 508 1414 rerum
533 1346 701 1435 exempla
728 1348 836 1414 nobis
860 1348 1255 1438 abundegrammatici

200 1472 449 1562 suppeditant.

242 1599 392 1686 Verum,
425 1601 572 1668 labente
603 1600 795 1688 latinitate,
827 1603 903 1671 vim
932 1606 1122 1694 propriam
1149 1627 1255 1673 casus

199 1728 378 1816 paulatim
393 1728 608 1813 amiserunt,
627 1730 935 1817 praepositionum
959 1736 1082 1798 autem
1098 1753 1186 1798 usus
1201 1733 1255 1799 in-

200 1855 352 1924 crebuit.
381 1854 483 1939 Jam,
512 1854 632 1922 Plauti
660 1860 702 1928 et,
720 1855 880 1922 Terentii
900 1858 1145 1944 temporibus,
1173 1880 1255 1925 mos

198 1983 316 2051 fuerat
330 1981 498 2070 pluribus
517 1983 639 2049 verbis
655 1981 828 2070 adjuncta
847 1984 1112 2072 praepositione
1133 2006 1175 2052 ea
1196 2007 1255 2052 ex-

197 2107 384 2199 primendi
400 2130 483 2196 quae
504 2129 609 2177 casus
633 2131 700 2197 per
719 2131 757 2176 se
777 2110 878 2198 ipsos
899 2111 1103 2198 exprimere
1115 2113 1255 2200 potuis-

198 2242 302 2306 sent:
321 2257 401 2327 proe
414 2235 614 2304 formidine
628 2237 777 2327 (Plaut,
799 2237 933 2332 Amph,
951 2238 1030 2328 147)
1059 2269 1102 2299 z
1127 2240 1255 2307 formi-

197 2363 283 2433 dine
297 2386 304 2450 ;
320 2365 480 2454 pretium
496 2363 541 2431 ob
556 2365 748 2431 stultitiam
763 2364 874 2454 (Ter,
898 2364 993 2433 And.
1013 2365 1092 2455 181)
1112 2396 1155 2424 z
1171 2388 1253 2455 pre-

195 2492 288 2560 tium
319 2491 500 2577 stultitiae,
536 2492 585 2559 ad
608 2484 881 2580 objurgandum
901 2513 1011 2560 causa
1037 2492 1165 2582 (Andr.
1189 2492 1247 2582 35)

195 2648 238 2678 =
252 2618 471 2707 objurgandi
483 2637 604 2686 causa.
622 2618 713 2701 Quae
727 2616 874 2684 dicendi
886 2615 1128 2699 consuetudo,
1146 2637 1249 2684 exac-

196 2747 232 2812 ta
244 2742 431 2811 Ciceronis
442 2748 560 2827 aetate,
574 2743 733 2809 multum
742 2742 906 2809 invaluit.
920 2742 1115 2829 Augustus,
1128 2741 1156 2807 si
1167 2741 1254 2808 Sue·

196 2870 298 2937 tonio
318 2868 517 2954 credimus,
536 2890 621 2936 cum
642 2867 880 2936 enucleandis
896 2869 1086 2936 sententiis
1102 2886 1252 2955 magno-

195 3015 282 3085 pere
297 2994 471 3079 studeret,
483 3016 560 3061 non
569 2994 771 3079 dubitabat,
790 2999 830 3060 ut
845 2993 883 3060 id
893 2994 1067 3061 facillime
1083 3014 1254 3082 asseque-

195 3129 305 3207 retur,
335 3122 457 3191 verbis
483 3123 767 3211 praepositiones
792 3121 953 3205 addere,
981 3120 1126 3188 dicebat
1151 3121 1253 3186 enim

195 3246 411 3335 impendere
431 3246 467 3313 in
492 3246 654 3334 aliquam
673 3266 762 3329 rem,
784 3267 852 3334 pro
873 3245 981 3312 alicui
1004 3245 1057 3311 rei
1075 3244 1137 3332 (2).
1160 3244 1251 3310 Pro-

194 3375 289 3442 fecto
316 3372 414 3463 apud
438 3374 537 3462 vulgi
563 3373 735 3440 homines
769 3371 978 3460 diligentius
1008 3376 1043 3438 et
1071 3369 1249 3458 rapidius,

195 3501 468 3591 praepositionis
497 3500 634 3567 auxilio
664 3521 721 3567 res
751 3498 1055 3566 discernebantur
1081 3518 1192 3585 qutun
1222 3497 1251 3563 si

193 3629 262 3696 soli
282 3647 387 3696 casus
406 3628 561 3695 fuissent
581 3626 750 3695 adhibiti.
772 3626 911 3715 ltaque,
938 3626 977 3691 in
1001 3624 1148 3713 plebeio
1178 3645 1253 3690 ser-

194 3777 318 3840 mone,
348 3754 641 3844 praepositiones,
665 3753 849 3840 imprimis
871 3752 920 3819 ud
948 3757 983 3819 et
1011 3752 1066 3835 dc,
1090 3752 1249 3834 casibus,

194 3881 308 3950 altera
334 3881 555 3964 accusativo,
583 3882 696 3948 altera
728 3880 888 3947 ablativo
918 3878 1102 3966 adjunctae
1132 3883 1218 3944 sunt
1241 3899 1248 3959 ;

194 4030 277 4097 quae
299 4008 446 4092 deinde,
468 4028 566 4092 cum,
588 4008 690 4096 lapsa
714 4007 905 4090 latinitate,
933 4005 1144 4073 terminatio
1171 4005 1251 4091 ipsa

227 4267 260 4332 (l)
279 4267 333 4317 vid.
348 4267 470 4317 Antoine:
488 4267 599 4331 Syntacc
614 4267 698 4326 latine,
719 4282 746 4329 p.
766 4268 805 4316 91.

228 4343 262 4409 (2)
279 4345 388 4404 sueton,
411 4342 466 4396 Vita
481 4342 599 4407 Amasti,
616 4357 671 4404 cap.
689 4342 733 4392 86.
