3142 5084
699 400 859 465 425...

298 574 430 646 Notavi
455 574 493 642 in
517 573 595 662 ejus
619 573 714 641 libro
744 573 830 641 satis
851 573 1082 661 frequentem
1109 572 1304 645 nominum

253 704 459 773 verbalium
482 703 522 770 in
536 707 612 770 -tor
629 722 740 770 usum
760 700 823 790 qui
837 700 1156 790 frequentissimus
1172 692 1307 772 exstitit

255 831 355 923 apud
373 831 530 900 labentis
555 831 690 919 linguae
716 829 923 917 scriptores,
947 834 981 898 et
1000 830 1187 919 praecipue
1206 830 1306 919 apud

255 956 525 1050 Hieronymum
543 957 605 1050 (l).
631 957 716 1028 Non
746 957 898 1027 deerant
925 959 1078 1048 quidem
1100 960 1181 1029 haec
1199 981 1307 1030 voca·

254 1090 342 1159 bula
361 1086 462 1177 apud
481 1107 602 1155 aureae
621 1086 810 1154 latinitatis
830 1091 997 1155 auctores
1016 1111 1022 1156 :
1043 1088 1106 1177 qui
1121 1092 1247 1158 tamen
1261 1089 1306 1158 iis

255 1198 457 1308 prudenter
476 1219 511 1283 et
530 1234 640 1303 parce
660 1214 867 1283 utebantur.
890 1214 937 1282 Iis
953 1215 1054 1284 enim
1067 1214 1308 1305 designabant

255 1321 427 1414 homines
447 1361 601 1409 munere
623 1341 806 1430 assignato
824 1339 1028 1430 fungentes,
1051 1348 1090 1410 ut
1108 1342 1233 1411 videre
1254 1349 1309 1411 est

257 1475 434 1562 sequente
454 1468 623 1558 exemplo
647 1491 653 1536 :
678 1467 798 1536 Crassi
816 1468 969 1558 scriptor
993 1474 1027 1537 et
1049 1471 1158 1538 lector
1176 1469 1309 1560 Diphi-

257 1598 314 1666 lus
333 1595 405 1688 (=
427 1595 568 1685 gallice,
598 1595 628 1662 le
658 1593 844 1661 secre'tuire
870 1594 912 1661 de
943 1594 1114 1684 Crassus).
1145 1594 1308 1664 Pessime

257 1723 366 1813 igitur
386 1721 535 1788 dixisset
555 1720 712 1810 aliquis:
738 1742 754 1786 e
771 1719 915 1787 lectores
931 1719 1118 1788 Ciceronis
1135 1743 1165 1805 a,
1190 1721 1220 1788 si
1240 1721 1308 1788 ho-

249 1851 376 1918 'mines
392 1848 579 1916 Ciceronis
591 1868 704 1936 opera
719 1851 885 1914 amantes
898 1853 933 1914 et
943 1847 1103 1936 legentes
1118 1847 1309 1937 designare

256 1975 432 2044 voluisset
449 1974 511 2064 (2).
529 1973 673 2042 Eodem
687 1972 801 2041 modo
820 1974 1124 2042 memorabantur
1137 1975 1309 2044 homines

258 2101 321 2191 qui
341 2099 483 2191 aliquid
497 2121 562 2168 seu
572 2099 749 2188 praeclare
765 2121 830 2167 seu
845 2099 944 2168 foede
956 2105 1104 2190 egerant
1119 2123 1193 2191 quo
1209 2101 1309 2189 apud

256 2232 423 2317 posteros
439 2227 508 2294 sibi
528 2226 697 2293 notitiam
707 2226 869 2294 fecerant
884 2249 890 2293 :
914 2227 1079 2295 conditor
1091 2228 1204 2311 urbis
1221 2227 1308 2296 belli

222 2409 229 2420 ,
258 2355 436 2446 confector
452 2377 459 2441 3
478 2360 767 2445 contemptorque
787 2354 908 2424 Deum
926 2355 1126 2425 Mezentius
1145 2356 1307 2446 (Vergil,

256 2483 356 2570 AEn,
374 2482 466 2567 VIII,
489 2482 537 2573 7).

301 2610 410 2701 Apud
430 2611 593 2679 comicos
613 2611 705 2678 etin
725 2610 871 2698 plebeio
893 2631 1076 2695 sermone,
1098 2631 1175 2678 non
1187 2611 1311 2679 obser-

257 2744 340 2808 vata
359 2744 445 2806 sunt
463 2738 539 2821 illa,
570 2760 653 2827 quae
674 2737 761 2822 dixi,
794 2737 1019 2823 discrimina,
1048 2739 1086 2805 in
1113 2739 1310 2806 nominum

258 2868 297 2935 in
311 2872 387 2935 -tor
400 2887 470 2935 usu
483 2888 490 2951 3
513 2866 594 2934 haec
613 2867 659 2933 ab
680 2865 869 2954 adjectivis
884 2887 960 2933 non
977 2866 1306 2955 distinguebantur.

259 2993 357 3061 Dixit
372 2993 523 3061 Plautus
542 3014 548 3059 :
572 2992 671 3062 Deus
684 2993 776 3060 mihi
790 2993 964 3083 impulsor
976 2993 1044 3061 fuit
1058 2993 1133 3083 (me
1148 2993 1311 3082 impulit)

259 3118 395 3208 (Aulul.
417 3117 515 3206 424),
534 3137 655 3206 neque
674 3110 787 3205 quem
798 3117 952 3206 rogitem
964 3137 1209 3206 responsorem
1225 3138 1311 3185 con-

259 3245 368 3314 venio
388 3242 566 3334 (Rudens,
590 3241 680 3334 153).

306 3372 396 3456 Quae
421 3391 507 3438 cum
528 3371 620 3458 jam,
660 3370 821 3458 antiquis
845 3370 1086 3458 temporibus,
1122 3370 1172 3436 ita
1196 3369 1310 3437 libere

260 3501 425 3570 adhibita
440 3505 572 3583 essent,
596 3498 831 3566 ecclesiastici
845 3499 1040 3586 scriptores
1052 3519 1136 3566 cum
1149 3496 1311 3587 quadam

260 3626 415 3695 libidine
447 3626 601 3693 nomina
632 3626 671 3691 in
690 3630 766 3692 -tor
789 3629 1075 3712 usurpaverunt,
1111 3629 1221 3713 atque
1248 3644 1309 3709 ea,

261 3758 370 3842 prout
396 3774 577 3821 novarum
604 3774 728 3820 rerum
760 3751 1084 3840 exprimendarum
1114 3751 1311 3820 necessitas

293 4038 327 4103 ll)
344 4039 373 4087 v.
389 4037 512 4102 Regnier:
527 4039 561 4088 De
574 4037 598 4088 lo
613 4036 710 4088 lotinite'
720 4037 762 4087 dee
773 4051 885 4087 sermons
900 4037 929 4087 dc
943 4037 1008 4088 salut
1021 4036 1156 4099 Aequitio,
1170 4051 1194 4098 p.
1206 4035 1232 4084 5.
1248 4036 1314 4085 Goel-

260 4131 308 4165 zer.
322 4115 433 4165 Lotim'te'
446 4115 475 4164 de
489 4116 557 4164 scint
567 4115 673 4173 Je‘rrime,
688 4130 712 4178 p.
724 4115 762 4175 46,
779 4130 818 4177 sq.

294 4192 326 4256 (ἢ)
342 4193 373 4242 V.
389 4192 508 4241 Antoine:
523 4192 695 4244 observatione
709 4207 756 4241 sur
767 4193 801 4242 les
815 4192 939 4242 escerct'ccc
952 4192 981 4241 dc
999 4190 1143 4241 troductton
1154 4189 1187 4241 du
1197 4189 1312 4253 truncata

261 4282 292 4317 en
304 4267 379 4317 tutin.
400 4267 515 4328 (Parisiis,
530 4268 659 4323 lilinsieck,
672 4267 753 4329 1882).
764 4291 793 4304 -
804 4268 893 4332 Berqer
905 4282 910 4316 :
922 4266 1076 4322 Loteinircbe
1088 4263 1196 4333 stpltstt'lr
1210 4265 1311 4335 (lngull.

261 4359 337 4402 serm.
353 4345 479 4406 translat.)
494 4358 518 4407 p.
533 4343 590 4393 nt.
