3142 5084
702 406 860 468 „78-

299 573 364 642 His
387 575 506 645 causis
531 575 669 644 factum
696 580 749 644 est
775 582 814 644 ut
838 575 994 644 Victoris
1020 572 1167 643 dicendi
1194 591 1309 663 genus

255 701 390 790 saepius
418 707 512 771 esset
540 724 617 770 non
645 703 822 788 historici,
857 702 922 771 sed
952 702 1121 787 rhetoris,
1155 703 1309 792 ejusque

255 849 376 897 sermo
396 830 539 918 poesim
554 830 747 916 redoleret,
771 835 805 898 et
825 829 936 898 simul
954 829 1072 920 (quod
1094 826 1309 898 mirandum

255 954 323 1043 est)
341 955 500 1045 vulgaris
521 957 670 1047 eloquii,
694 976 768 1045 quo
793 956 982 1025 christiani
1006 955 1204 1045 scriptores
1229 960 1309 1024 ute-

235 1080 399 1167 bantur,
417 1084 566 1174 vestigia
580 1050 821 1174 exprimeret3
843 1085 894 1152 sic
910 1084 974 1173 qui
990 1083 1186 1151 ambitiosa
1202 1104 1312 1152 orna·

255 1216 379 1278 menta
394 1211 598 1296 affectabat,
621 1210 721 1279 idem
739 1211 1066 1301 grammaticorum
1081 1211 1190 1300 leges,
1208 1208 1309 1279 haud

255 1353 360 1407 secus
379 1358 421 1407 ac
440 1339 581 1428 vulgus,
604 1340 879 1428 aspernabatur.

299 1464 387 1533 Haec
407 1466 532 1534 omnia
553 1467 813 1556 explanaturus
834 1487 917 1533 sum
936 1467 976 1532 in
994 1465 1065 1533 hac
1091 1485 1184 1547 meae
1209 1485 1311 1532 com-

255 1594 492 1661 mentationis
511 1600 614 1683 parte
633 1595 696 1663 ubi
717 1593 763 1662 de
782 1593 938 1662 Victoris
952 1592 1111 1661 Vitensis
1130 1592 1309 1661 latinitate

256 1724 291 1786 et
315 1719 408 1808 stylo
428 1726 565 1809 agetur,
587 1720 738 1809 adjectis
765 1719 953 1789 interdum
978 1719 1127 1803 notulis,
1159 1718 1307 1808 quibus,
1380 1806 1384 1814 .

256 1846 637 1936 quantulumcumque
666 1849 745 1916 fieri
773 1852 905 1937 potest,
937 1846 1109 1936 quaedam
1136 1846 1310 1915 Afrorum

257 1971 403 2043 dicendi
423 1975 546 2063 generi
565 1976 753 2065 pecularia
770 1976 1051 2045 illustrabuntur
1065 1973 1127 2064 (1).

289 2234 321 2299 (1)
340 2236 415 2293 Quale
427 2235 500 2285 fuerit
514 2237 626 2285 dirorum
646 2237 741 2286 dicendi
758 2251 842 2300 genus,
864 2252 913 2298 quo
930 2241 1102 2286 acaeterarum
1121 2233 1231 2299 gentium
1252 2234 1312 2284 lati·

257 2310 335 2360 nitate
350 2311 453 2371 differat,
470 2326 518 2361 non
537 2313 607 2361 facile
629 2317 664 2361 est
686 2315 758 2375 plane
776 2316 915 2362 ostendere.
929 2313 1064 2362 Doctissimi
1080 2311 1216 2361 Germaniae
1228 2325 1312 2374 gram-

256 2388 339 2436 matici
350 2388 400 2449 qui,
414 2388 452 2436 his
468 2387 628 2449 temporibus
643 2388 668 2437 in
683 2391 746 2437 hanc
764 2403 815 2437 rem
828 2389 1001 2447 incubuerunt,
1017 2402 1066 2437 non
1082 2390 1160 2436 certas
1172 2384 1309 2448 opiniones

256 2465 298 2512 sed
323 2463 474 2526 conjecturas
503 2465 608 2513 edidere.
640 2466 759 2514 Recentcr
784 2466 840 2513 Karl
861 2465 965 2524 Siluius,
991 2464 1062 2526 cujus
1088 2463 1150 2510 libro
1175 2476 1234 2510 usus
1255 2475 1312 2510 sum

256 2539 310 2599 (Die
324 2540 420 2589 tobalea
443 2540 686 2592 Versebiedeubeiteu
704 2540 750 2589 der
767 2539 1059 2603 lateiniscbeuSprucbe3
1080 2540 1209 2601 llrlaugeu,
1228 2537 1310 2602 1882),

256 2615 373 2676 exemplis
388 2630 418 2664 ex
431 2616 542 2664 Afrorum
555 2616 672 2677 operibus
688 2616 808 2678 excerptis
824 2621 847 2664 el
862 2615 1133 2680 congestis,.quemdam
1149 2613 1245 2662 dicendi
1259 2627 1312 2662 mo·

256 2702 307 2737 rem
325 2690 387 2738 dhis
402 2705 556 2739 communem
574 2692 718 2740 denuntiare
733 2695 835 2740 conatus
851 2695 898 2740 est.
917 2693 947 2739 At
962 2704 1016 2752 quae
1031 2688 1157 2746 conclusit,
1174 2688 1217 2738 Th.
1233 2688 1312 2751 Voge-

256 2763 303 2811 lius
325 2764 477 2828 impugnavit
495 2765 503 2829 (
513 2766 653 2816 lartuauer
668 2767 714 2829 fiir
727 2767 857 2816 classisuu
872 2765 1020 2830 philoloqie‚
1042 2765 1118 2822 1883,
1139 2777 1165 2824 p.
1185 2762 1238 2822 177,
1257 2777 1310 2825 sq.,

256 2837 369 2901 passim),
384 2838 424 2900 qui
439 2839 538 2899 quidem
550 2840 648 2888 Jordaui
662 2841 771 2902 opinioni
781 2841 960 2889 assentiebatur
969 2840 994 2887 in
1005 2841 1071 2887 hunc
1080 2839 1180 2886 modurn
1192 2839 1223 2885 de
1234 2836 1317 2902 Αἰνί-Δ

256 2913 331 2963 situle
347 2915 420 2964 locuti
437 2931 442 2962 :
461 2932 475 2962 «
492 2917 622 2965 Africitatis
637 2917 795 2980 proprietates
813 2917 914 2966 videbor
930 2915 1038 2980 tetigisse
1053 2916 1087 2964 eis
1103 2913 1144 2975 qui
1160 2913 1185 2961 in
1200 2915 1247 2962 hoc
1259 2927 1312 2979 vas-

258 2994 339 3038 atum
365 2995 481 3052 tanquam
503 2993 689 3056 sterquilinium
714 2993 797 3041 omnia
825 2993 956 3054 conjiciunt
984 3005 1145 3052 quaecurnque
1167 2993 1209 3038 aut
1233 2988 1312 3037 inllati

258 3082 269 3114 a
288 3068 416 3116 rhetoricae
428 3068 564 3130 disciplinae
580 3073 673 3118 tumore
686 3069 786 3118 litterati
802 3068 913 3118 homines
928 3068 975 3117 sibi
988 3071 1073 3116 contra
1086 3067 1172 3116 urbani
1193 3065 1312 3114 sermonis

256 3155 270 3184 a
288 3138 456 3188 classicitatem
468 3139 630 3200 indulserunt,
644 3146 686 3189 aut
697 3142 824 3204 plebecula
836 3145 920 3190 contra
930 3140 1113 3204 grammaticam
1126 3138 1233 3201 peccavit
1243 3139 1313 3189 vide-

258 3230 269 3261 «
288 3219 356 3264 turve
370 3229 482 3277 peccasse
500 3232 512 3264 r
530 3216 662 3275 (Vindicis
674 3217 760 3266 iutiuis
770 3217 893 3267 sermonis
906 3215 1084 3280 antiquissimi,
1094 3214 1174 3276 lasa).
1188 3215 1216 3264 K.
1236 3213 1311 3276 suti,

255 3305 280 3352 p.
291 3290 333 3339 78.
345 3292 397 3339 Nou
407 3291 518 3339 dissimili
530 3295 601 3341 modo
611 3291 685 3340 locuti
695 3296 753 3340 sunt
765 3293 903 3354 Bernhardy
914 3290 1065 3355 (Gesebiebte
1076 3289 1121 3339 der
1132 3303 1205 3340 reem.
1217 3289 1310 3339 Litter.

256 3367 326 3414 hum.
342 3364 397 3427 231)
412 3370 436 3414 et
450 3367 587 3415 Volltlinius
602 3366 775 3429 unbrbiicber,
794 3381 820 3428 p.
841 3367 893 3426 184,
911 3365 936 3413 in
952 3364 1028 3429 nota).

287 3443 313 3491 ld
328 3445 419 3502 tamen,
433 3444 514 3498 credo,
532 3442 648 3491 affirmari
665 3447 751 3504 potest,
773 3442 878 3490 maxime
898 3441 1009 3490 omnium
1027 3441 1096 3488 Afros
1116 3441 1242 3503 vulgarem
1263 3452 1313 3488 ser·

256 3530 353 3565 monem
368 3516 392 3563 in
406 3529 479 3576 quern
495 3517 611 3564 translata
625 3520 682 3564 sunt
697 3516 769 3564 Vetus
782 3519 806 3564 et
818 3516 879 3564 Nox.
901 3516 1089 3572 Testamentum,
1106 3513 1242 3571 admisisse,
1259 3512 1312 3574 pri-

256 3607 357 3652 mosque
370 3592 493 3653 eloquium
504 3607 552 3655 quo
562 3593 683 3642 variarum
695 3591 873 3655 provinciarum
885 3591 996 3640 homines
1011 3589 1120 3652 quotidie
1130 3590 1269 3649 utebantur,
1287 3587 1312 3636 in

255 3667 345 3728 scripta
369 3656 496 3729 recepisse,
517 3669 583 3716 unde
597 3667 680 3716 evenit
700 3671 726 3716 ut
744 3665 796 3714 liri
819 3664 943 3727 propriam
959 3663 1095 3714 dialectum
1114 3677 1162 3712 non
1178 3663 1309 3711 habereut.

256 3743 346 3790 Rursus
361 3756 418 3790 vero
437 3741 561 3803 proprium
576 3742 669 3805 stqium
689 3743 808 3790 habuere.
831 3740 855 3789 Si
871 3739 936 3788 enim
953 3739 1072 3801 excerptis
1084 3753 1115 3787 ex
1128 3738 1242 3786 Afrorum
1256 3750 1313 3798 ope-

257 3818 324 3866 ribus
339 3812 458 3879 exemplis
476 3832 607 3880 parumper
624 3818 739 3876 nitamur,
762 3817 901 3866 videbimus
918 3815 1066 3878 peculiarem
1087 3814 1201 3862 Afrorum
1220 3825 1313 3862 morem

257 3893 331 3943 luisse
341 3894 474 3943 sententias
487 3908 560 3956 prave
571 3894 736 3954 construendi,
749 3897 772 3942 ct
785 3893 922 3956 synonymis
935 3891 1051 3941 abutendi
1063 3894 1086 3939 et
1098 3890 1194 3952 poetica
1205 3889 1231 3937 in
1241 3901 1314 3951 prosa

258 3967 367 4016 oratione
380 3967 501 4016 voeabula
515 3967 639 4025 miscendi,
656 3969 730 4016 verba
745 3966 851 4026 denique
870 3963 1017 4027 pleonastice
1033 3963 1148 4025 ponendi,
1165 3967 1192 4011 ut
1207 3960 1314 4011 tumidas

258 4049 282 4092 et
294 4044 457 4092 redundantes
469 4043 603 4094 sententias
614 4043 756 4103 efficerent;
774 4056 879 4104 quorum
896 4041 1012 4090 vitiorum
1031 4040 1145 4102 exempla
1165 4037 1210 4088 tibi
1232 4034 1315 4086 Victor

257 4119 354 4168 abunde
368 4117 545 4181 suppeditabit.
