3142 5084
691 398 867 461 -154-

431 673 662 732 ARTICULUS
682 675 720 730 V.
737 705 771 716 -
785 677 838 734 Do
858 674 1123 747 conjunctione

297 872 507 961 Antequam
527 872 608 940 haec
628 872 673 940 de
687 872 845 941 Victoris
856 873 1035 941 latinitate
1048 872 1167 961 capita
1188 871 1315 940 absol-

252 1021 312 1084 νο,
334 1020 452 1089 pauca
481 999 644 1068 dicturus
673 1023 756 1068 sum
781 999 827 1068 de
856 1000 1181 1089 conjunctionibus
1209 1021 1312 1089 quae,

253 1145 339 1192 curn
359 1126 398 1192 in
417 1125 633 1214 colligandis
653 1127 843 1195 sententiis
863 1129 986 1216 magni
1007 1128 1189 1195 momenti
1209 1128 1316 1214 apud

253 1247 373 1314 bonos
392 1253 560 1315 auctores
579 1249 726 1331 fuerint,
745 1270 857 1338 prave
877 1254 913 1317 et
932 1251 1037 1339 quasi
1059 1272 1103 1318 ex
1120 1251 1276 1319 fortuito
1292 1273 1316 1320 a

252 1372 398 1441 Victore
413 1380 615 1462 ponuntur,
639 1380 678 1442 ut
695 1375 802 1443 facile
821 1375 975 1444 videbis,

298 1510 335 1599 u)
356 1511 644 1600 Conjunctiones
664 1514 883 1602 copulativae
901 1537 906 1580 :
924 1514 1032 1582 simul
1046 1521 1078 1582 ct
1093 1544 1136 1573 τ·-
1156 1520 1192 1582 et
1215 1537 1222 1582 ε

343 1636 472 1701 Christi
483 1638 622 1718 ancilla,
631 1640 883 1722 corporesimul
890 1641 1028 1704 etcorde
1037 1641 1161 1704 decora
1169 1641 1207 1719 (Ι,
1217 1642 1314 1719 30)...

254 1730 402 1794 moritur
430 1732 502 1814 ipse
523 1732 623 1795 simul
643 1737 672 1795 et
691 1733 755 1796 filii
785 1735 823 1812 (1,
848 1736 911 1811 35).
996 1734 1112 1797 Linita
1140 1735 1317 1799 habentes

252 1824 470 1904 vestimenta,
483 1824 588 1887 facies
602 1825 702 1887 simul
717 1831 748 1889 et
760 1825 873 1910 capita
889 1827 944 1905 (ΙΙ,
959 1829 1022 1905 33).
1097 1826 1318 1910 Relinquens

254 1938 334 1981 curn
359 1917 487 2000 gaudio
508 1918 665 1999 domum,
691 1919 857 1982 maritum
882 1920 984 1983 simul
1007 1925 1038 1983 et
1055 1920 1147 1984 filios
1159 1920 1230 2001 (Ill,
1244 1923 1314 1999 33).

308 2012 422 2090 Quare
438 2013 546 2095 igneS,
564 2034 670 2096 quare
687 2014 826 2095 ungulae
836 2014 938 2077 simul
949 2019 979 2078 et
990 2020 1136 2079 cruces‘.l
1153 2015 1225 2095 (ΙΙΙ,
1243 2017 1313 2093 63).

253 2106 302 2170 cf.
320 2106 376 2169 sed
393 2111 472 2168 et:
485 2113 517 2169 et
532 2108 570 2186 (Ι,
588 2110 647 2185 23,
670 2108 711 2187 ΙΙ,
729 2109 773 2185 4).
792 2110 837 2171 Et
852 2129 917 2172 non
933 2132 973 2167 z
991 2128 1114 2192 neque,
1141 2114 1172 2173 et
1194 2110 1317 2174 nullus

253 2227 292 2256 =
309 2219 421 2282 neque
437 2200 535 2262 ullus
546 2201 864 2284 (frequentissime).

300 2329 334 2420 b)
351 2330 570 2419 Conjunctio
587 2333 772 2400 causativa
786 2354 878 2401 num
898 2355 968 2422 pro
988 2332 1227 2402 adversativis
1247 2355 1316 2403 ou-

255 2462 336 2541 rem,
360 2477 454 2541 uero,
472 2458 623 2547 ponitur
641 2481 647 2526 :

347 2582 460 2659 Quam
486 2581 680 2665 plurimi
699 2582 893 2664 probantur
919 2581 1043 2659 occisi;
1066 2601 1145 2645 num
1170 2582 1232 2666 qui
1258 2589 1316 2662 (2

254 2673 314 2755 qui
329 2678 424 2751 vero)
439 2673 564 2755 gladiis
579 2672 775 2755 interempti
788 2692 858 2736 non
871 2679 954 2735 sunt
967 2679 1087 2756 postea
1102 2673 1196 2756 regio
1206 2675 1316 2758 jussu

254 2767 367 2830 necati
383 2773 465 2829 sunt
480 2767 518 2847 (Ι,
535 2768 587 2844 42)
678 2767 844 2830 Liberum
861 2767 1049 2830 arbitrium
1070 2767 1207 2831 habetis
1231 2789 1314 2833 ves-

254 2864 326 2921 tras
341 2858 466 2921 missas
480 2877 588 2940 agere.
618 2860 702 2922 Nom
722 2859 750 2922 si
766 2860 833 2923 hoc
859 2861 951 2923 circa
977 2879 1035 2923 eos
1051 2859 1225 2938 (Arianos)
1240 2880 1315 2924 non
1356 2897 1358 2900 ·

255 2952 359 3015 fuerit
386 2953 646 3017 observatum...
676 2953 820 3032 (clerici)
850 2953 1019 3036 jubentur
1052 2953 1141 3016 inter
1172 2954 1316 3018 Mauros

255 3046 402 3109 mitti:
417 3047 446 3108 si
461 3067 542 3111 vero
558 3047 662 3110 hoc...
681 3053 743 3110 etc.
759 3049 814 3129 (ΙΙ,
830 3050 899 3126 4)...
919 3047 1016 3111 Vidit
1031 3046 1175 3130 quidam
1190 3048 1313 3112 Fausti

256 3140 436 3204 ecclesiam
452 3140 552 3203 solito
568 3140 604 3203 in
630 3147 755 3204 ornatu
780 3142 968 3224 fulgentem
1029 3143 1115 3205 Num
1139 3142 1314 3206 visionem

255 3235 358 3299 istam
381 3241 498 3299 sancto
523 3236 641 3297 retulit
662 3236 817 3318 Eugenio
838 3236 1066 3300 :visionem
1088 3239 1236 3301 uutem...
1255 3237 1312 3317 (ΙΙ,

256 3330 318 3406 18).
335 3328 378 3391 Cf
401 3331 451 3407 29,
470 3331 520 3409 52,
536 3331 586 3408 90,
603 3330 640 3390 91
657 3352 664 3405 ;
681 3329 737 3408 ΙΙΙ,
754 3332 805 3408 38,
824 3331 874 3392 48.

301 3449 393 3516 Num
414 3454 446 3516 et
461 3478 504 3507 z
524 3447 589 3516 sed
609 3454 643 3515 et
659 3477 701 3506 z
718 3454 753 3515 et
776 3471 782 3514 :

353 3573 543 3655 Antiquam
560 3573 657 3636 illam
672 3573 867 3636 libertatem
887 3573 923 3636 in
942 3573 1141 3637 servitutem
1159 3573 1312 3656 redegit3

257 3687 337 3729 nom
347 3670 378 3728 et
391 3672 589 3729 senatorum
605 3667 703 3730 urbis
714 3687 784 3731 non
798 3687 942 3750 parvam
957 3666 1218 3730 multitudinem
1235 3687 1314 3750 cap-

257 3758 434 3838 tivavit(1‚
453 3760 514 3837 12).

305 3878 396 3964 Quia
415 3909 458 3938 ε
479 3900 565 3946 nam
584 3903 591 3948 :

299 4005 367 4084 Qui
394 4006 458 4068 hos
478 4006 687 4089 baptizaturi
711 4015 793 4071 sunt
818 4008 1040 4091 parvulos...‘l
1122 4007 1317 4088 quiavobis

258 4100 458 4165 dictumest
476 4123 481 4162 :
498 4120 727 4183 quaecumque
743 4103 915 4166 solveritis
930 4122 1034 4184 super
1056 4109 1195 4182 terram,
1213 4107 1316 4165 erunt

259 4194 372 4258 soluta
387 4200 420 4256 et
436 4195 472 4257 in
488 4193 586 4257 coelis
600 4195 654 4273 (ΙΙ,
671 4197 733 4271 34).
811 4196 930 4259 Jurate
951 4197 980 4258 si
1005 4201 1082 4278 post
1095 4194 1231 4258 obitum
1248 4196 1312 4258 do·

258 4287 345 4352 mini
361 4288 507 4353 nostri...
524 4286 668 4352 Hildirit
681 4288 885 4354 desideratis
905 4309 978 4355 esse
1000 4307 1152 4373 regem...
1177 4288 1257 4372 quia
1282 4288 1311 4353 si
