3142 5084
680 404 843 471 „56-

239 596 255 642 a
277 574 474 664 Eugenius,
491 573 623 664 inquit,
641 595 719 642 non
735 573 856 644 solum
871 573 1075 644 visibilium
1095 571 1291 643 oculorum

237 705 451 790 caecitatem,
474 703 672 772 sedetiam
688 705 871 772 mentium
892 703 1100 794 depellebat
1119 703 1182 794 (1).
1206 726 1223 770 a>
1275 775 1276 778 ,

281 831 353 899 Sed
374 830 464 921 quid
480 829 603 899 dicam
623 830 669 900 de
681 831 754 900 illis
764 832 908 921 Tipasae
923 831 1055 899 incolis
1071 832 1206 920 quibus
1220 831 1293 898 lin-

235 976 305 1046 gua
325 932 480 1046 praecisa
510 958 598 1025 est‘l
629 979 722 1046 quos
749 957 867 1042 facile,
891 962 930 1024 ut
963 962 1083 1042 antea,
1113 962 1148 1024 et
1168 955 1292 1026 lucide

235 1084 377 1152 locutos
398 1106 476 1152 esse
502 1084 627 1151 Victor
659 1089 853 1153 asseverat.
886 1083 984 1167 Quid
1014 1085 1080 1151 tibi
1113 1083 1291 1153 videtur‘l

234 1210 414 1296 Primum,
436 1211 590 1278 minime
611 1210 857 1279 dubitandum
884 1215 938 1278 est
958 1211 1049 1300 quin
1068 1211 1132 1278 tali
1152 1210 1292 1300 suppli·

235 1337 292 1405 cio
312 1337 393 1421 viri,
411 1337 451 1403 in
465 1335 599 1421 Africa,
614 1337 892 1422 affectiiuerint,
911 1336 1013 1426 quod
1033 1337 1073 1404 iu
1090 1358 1173 1422 usu,
1191 1336 1292 1426 apud

234 1465 393 1551 MauroS,
417 1471 503 1534 erat.
536 1465 581 1532 Hi
603 1468 715 1551 enim,
743 1488 841 1551 cum,
864 1465 1027 1556 quadarn
1046 1466 1119 1551 die,
1145 1465 1292 1555 Leptim

235 1591 560 1682 depopularentur,
574 1594 729 1662 civitatis
741 1594 967 1684 primoribus
982 1594 1146 1683 linguam
1161 1614 1293 1682 ampu-

234 1725 403 1787 taverunt
417 1719 479 1810 (2).
498 1719 581 1805 Sed,
597 1727 637 1788 ut
652 1720 700 1789 ad
714 1720 901 1789 Victorem
920 1719 1084 1805 redeam,
1099 1741 1176 1788 non
1191 1740 1292 1809 sper-

234 1847 348 1916 nendi
369 1854 453 1915 sunt
473 1819 641 1916 auctores
661 1849 724 1936 qui
755 1847 885 1916 eadem
913 1870 997 1938 quae
1021 1848 1157 1934 Victor,
1180 1846 1293 1915 tradi-

234 1973 378 2060 derunt,
395 1996 555 2063 quorum
569 1976 681 2043 verba
696 1976 831 2044 referre
842 1977 959 2064 juvat.
977 1975 1112 2065 Accipe
1127 1970 1292 2064 primum

234 2122 318 2189 quae
349 2101 553 2189 Procopius
583 2101 701 2169 dicit:
726 2125 742 2168 a
768 2102 892 2170 Multis
921 2103 1098 2191 linguam,
1128 2101 1293 2168 faucium

233 2231 340 2293 tenus
352 2226 520 2311 abscidit,
538 2228 601 2315 qui
617 2233 742 2295 nostra
758 2232 864 2296 aetate
882 2228 1106 2317 superstites
1121 2226 1292 2316 Byzantii

234 2354 421 2443 explanate
452 2353 701 2443 loquebantur,
748 2356 894 2423 nullum
924 2357 1110 2445 capientes
1138 2375 1290 2423 sensum

233 2481 330 2549 illius
357 2503 479 2571 poenae
507 2481 569 2572 (3).
601 2506 617 2549 a
648 2483 690 2550 ln
719 2483 819 2551 hunc
847 2484 962 2551 ferme
991 2482 1148 2550 modum
1176 2483 1291 2551 locuti

233 2615 318 2677 sunt
336 2611 461 2679 Victor
479 2610 741 2678 Tunnunensis
766 2610 829 2700 (4),
857 2611 994 2679 AEneas
1015 2610 1187 2679 Gazensis
1210 2611 1292 2700 phi-

232 2737 411 2824 losophus
438 2737 646 2825 platonicus
665 2736 728 2827 (5),
756 2737 991 2805 Marcellinus
1012 2757 1137 2805 comes
1157 2737 1290 2826 etipse

233 2865 435 2950 imperator
453 2863 693 2930 lastinianus.
719 2886 735 2930 a
814 2863 869 2931 Ex
888 2865 959 2932 hoc
974 2864 1142 2933 fidelium
1162 2869 1291 2931 contu·

232 2988 374 3072 bernio,
406 2988 456 3055 ait
474 2988 708 3056 Marcellinus
737 2988 799 3078 (6),
830 2988 1039 3078 aliquantos
1060 3008 1125 3078 ego
1145 2990 1290 3078 religio·
1356 3014 1358 3019 ·

232 3115 397 3183 sissimos
418 3115 528 3200 viroS,
550 3116 714 3204 praecisis
734 3116 880 3204 linguis,
904 3117 1077 3184 manibus
1097 3119 1288 3203 truncatis,

231 3242 330 3332 apud
349 3242 567 3331 Byzantium
587 3243 727 3333 intepra
752 3264 833 3310 uoce
861 3244 1028 3333 conspexi
1047 3246 1241 3334 loquentes.
1269 3273 1283 3308 b

230 3366 287 3435 Ad
303 3369 382 3436 haec
396 3369 624 3436 lastinianus
643 3392 649 3437 :
669 3392 685 3436 «
705 3368 886 3453 Vidimus
904 3370 1036 3458 inquit,
1055 3371 1286 3439 venerabiles

230 3497 329 3565 viros
353 3498 429 3585 qui,
460 3498 631 3565 abscissis
658 3496 834 3566 radicitus
863 3497 1009 3586 linguis,
1048 3482 1175 3587 poenas
1202 3517 1287 3564 suas

262 3779 294 3844 (l)
309 3781 426 3842 Excerpta
441 3794 454 3828 e
471 3780 584 3844 Gregorio
598 3780 733 3829 Turonensi
750 3781 833 3844 (Patr.
853 3781 911 3839 lat„
929 3782 1007 3839 LVlll,
1027 3783 1075 3831 col.
1094 3780 1163 3844 771).

261 3856 294 3918 (2)
313 3856 456 3905 Ammianus
468 3857 631 3915 Marcellinus,
644 3857 747 3916 xxvlll,
764 3859 778 3906 6
794 3858 867 3918 (anno
878 3857 945 3918 370).

262 3930 295 3996 (3)
315 3933 454 3993 Procopius,
471 3935 491 3989 1,
507 3934 535 3982 8.

260 4008 292 4070 (t)
304 4006 384 4056 Victor
393 4008 564 4056 Tunnunensis
578 4025 583 4057 ε
598 4009 732 4057 Chronicon
742 4007 781 4071 (ad
797 4022 888 4056 annum
900 4006 968 4069 478).
983 4009 1059 4058 Patr.
1078 4007 1133 4069 lat,
1145 4013 1163 4058 t.
1176 4009 1281 4059 Llllllll.

262 4078 293 4143 (5)
308 4080 334 4127 ln
347 4079 443 4142 dialogo
456 4079 497 4141 qui
510 4080 690 4143 Theophrastus
702 4078 842 4128 inscribitur
853 4076 958 4142 (Patrai.
971 4092 1062 4140 praeca,
1073 4081 1095 4128 t.
1109 4078 1215 4138 Llllllll',
1227 4077 1278 4127 col.

229 4154 296 4218 865).
1271 4215 1274 4219 ¹

261 4230 295 4294 (6)
313 4230 455 4291 Marcellin,
470 4231 604 4280 Cbrouicon
616 4231 781 4295 (ludict.,Vll‚
795 4230 825 4279 ad
841 4243 934 4278 aunam
944 4229 1008 4293 484).
1022 4229 1122 4280 Patrai.
1137 4228 1197 4291 tat„
1213 4232 1232 4278 t.
1244 4229 1284 4293 Ll,

229 4310 277 4358 col.
291 4308 348 4358 914.
